@misc{molnar2024interpretable,
  author    = {Molnar, Christoph},
  title     = {Interpretable Machine Learning},
  year      = {2024},
  note      = {Accessed: Nov. 26, 2024. [Online]. Available: \url{https://christophm.github.io/interpretable-ml-book/}}
}

@misc{interpretable_ai_course,
  author    = {Interpretable AI Course Team}, % Autor genérico para el curso
  title     = {Explainable AI Course},
  year      = {n.d.},
  note      = {Accessed: Nov. 26, 2024. [Online]. Available: \url{https://interpretable-ml-class.github.io/}}
}

@misc{harvard2024generative,
  author    = {Harvard Kennedy School}, % Autor institucional para el curso
  title     = {The Science and Implications of Generative AI (Harvard Kennedy School)},
  year      = {n.d.},
  note      = {Accessed: Nov. 26, 2024. [Online]. Available: \url{https://generative-ai-course.hks.harvard.edu/}}
}

@misc{harvard2021decoding,
  author    = {Harvard Radcliffe Institute}, % Autor institucional para la sesión
  title     = {Decoding AI | Session 4: AI Ethics and Policies || Harvard Radcliffe Institute},
  month     = nov,
  year      = {2021},
  note      = {Accessed: Nov. 26, 2024. [Online Video]. Available: \url{https://www.youtube.com/watch?app=desktop&v=_f7-OMafBz8}}
}


@misc{uci_pima_indians_diabetes,
  author       = {Dua, D. and Graff, C.},
  title        = {UCI Machine Learning Repository: Pima Indians Diabetes Dataset},
  year         = {2019},
  note         = {Accessed: Nov. 26, 2024. [Online]},
  note={\url{https://archive.ics.uci.edu/ml/datasets/diabetes}}
}

@misc{kaggle_titanic_dataset,
  author       = {Kaggle},
  title        = {Titanic - Machine Learning from Disaster},
  year         = {2024},
  note         = {Accessed: Nov. 26, 2024. [Online]},
  note={\url{https://www.kaggle.com/competitions/titanic}}
}



@article{lundberg2017unified,
  title={A Unified Approach to Interpreting Model Predictions},
  author={Lundberg, Scott M and Lee, Su-In},
  journal={Advances in Neural Information Processing Systems},
  volume={30},
  pages={4765--4774},
  year={2017},
  note={\url{https://doi.org/10.48550/arXiv.1705.07874}}
}

@article{wachter2017counterfactual,
  title={Counterfactual Explanations Without Opening the Black Box: Automated Decisions and the GDPR},
  author={Wachter, Sandra and Mittelstadt, Brent and Russell, Chris},
  journal={Harvard Journal of Law \& Technology},
  volume={31},
  pages={841--887},
  year={2017},
  note={\url{https://doi.org/10.48550/arXiv.1711.00399}}
}

@article{doshi2017rigorous,
  title={Towards a Rigorous Science of Interpretable Machine Learning},
  author={Doshi-Velez, Finale and Kim, Been},
  journal={arXiv preprint arXiv:1702.08608},
  year={2017},
  note={\url{https://doi.org/10.48550/arXiv.1702.08608}}
}

@article{lipton2018mythos,
  title={The Mythos of Model Interpretability},
  author={Lipton, Zachary C},
  journal={Communications of the ACM},
  volume={61},
  number={10},
  pages={36--43},
  year={2018},
  note={\url{https://doi.org/10.1145/3233231}}
}

@article{carvalho2019machine,
  title={Machine Learning Interpretability: A Survey on Methods and Metrics},
  author={Carvalho, Diogo V and Pereira, Eduardo M and Cardoso, Jaime S},
  journal={Electronics},
  volume={8},
  number={8},
  pages={832},
  year={2019},
  note={\url{https://doi.org/10.3390/electronics8080832}}
}

@article{arrieta2020explainable,
  title={Explainable Artificial Intelligence (XAI): Concepts, Taxonomies, Opportunities and Challenges Toward Responsible AI},
  author={Arrieta, Alejandro Barredo and others},
  journal={Information Fusion},
  volume={58},
  pages={82--115},
  year={2020},
  note={\url{https://doi.org/10.1016/j.inffus.2019.12.012}}
}

@article{ribeiro2016should,
  title={"Why Should I Trust You?": Explaining the Predictions of Any Classifier},
  author={Ribeiro, Marco Tulio and Singh, Sameer and Guestrin, Carlos},
  journal={Proceedings of the 22nd ACM SIGKDD International Conference on Knowledge Discovery and Data Mining},
  pages={1135--1144},
  year={2016},
  note={\url{https://doi.org/10.1145/2939672.2939778}}
}

@article{jobin2019global,
  title={The Global Landscape of AI Ethics Guidelines},
  author={Jobin, Anna and Ienca, Marcello and Vayena, Effy},
  journal={Nature Machine Intelligence},
  volume={1},
  pages={389--399},
  year={2019},
  note={DOI: \url{https://doi.org/10.1038/s42256-019-0088-2}}
}


