Scopus
EXPORT DATE: 29 November 2024

@ARTICLE{Albahri2024,
	author = {Albahri, A.S. and Khaleel, Yahya Layth and Habeeb, Mustafa Abdulfattah and Ismael, Reem D. and Hameed, Qabas A. and Deveci, Muhammet and Homod, Raad Z. and Albahri, O.S. and Alamoodi, A.H. and Alzubaidi, Laith},
	title = {A systematic review of trustworthy artificial intelligence applications in natural disasters},
	year = {2024},
	journal = {Computers and Electrical Engineering},
	volume = {118},
	doi = {10.1016/j.compeleceng.2024.109409},
	url = {https://www.scopus.com/inward/record.uri?eid=2-s2.0-85197021850&doi=10.1016%2fj.compeleceng.2024.109409&partnerID=40&md5=c54d63b333444f9b5761ea1e212aad07},
	type = {Article},
	publication_stage = {Final},
	source = {Scopus},
	note = {Cited by: 11; All Open Access, Hybrid Gold Open Access}
}

@ARTICLE{Hashmi2025,
	author = {Hashmi, Ehtesham and Yayilgan, Sule Yildirim and Yamin, Muhammad Mudassar and Ullah, Mohib},
	title = {Enhancing misogyny detection in bilingual texts using explainable AI and multilingual fine-tuned transformers},
	year = {2025},
	journal = {Complex and Intelligent Systems},
	volume = {11},
	number = {1},
	doi = {10.1007/s40747-024-01655-1},
	url = {https://www.scopus.com/inward/record.uri?eid=2-s2.0-85209140744&doi=10.1007%2fs40747-024-01655-1&partnerID=40&md5=da6b8a926aa53a4382f03e16f4732e6a},
	type = {Article},
	publication_stage = {Final},
	source = {Scopus},
	note = {Cited by: 0; All Open Access}
}

@ARTICLE{Malhotra2024,
	author = {Malhotra, Meenakshi and Walia, Savita and Lin, Chia-Chen and Aulakh, Inderdeep Kaur and Agarwal, Saurabh},
	title = {A systematic scrutiny of artificial intelligence-based air pollution prediction techniques, challenges, and viable solutions},
	year = {2024},
	journal = {Journal of Big Data},
	volume = {11},
	number = {1},
	doi = {10.1186/s40537-024-01002-8},
	url = {https://www.scopus.com/inward/record.uri?eid=2-s2.0-85205969723&doi=10.1186%2fs40537-024-01002-8&partnerID=40&md5=1b72e6952d3dadbc9700072ecab12e7d},
	type = {Article},
	publication_stage = {Final},
	source = {Scopus},
	note = {Cited by: 0; All Open Access, Gold Open Access}
}

@ARTICLE{Ventura20243169,
	author = {Ventura, Francesco and Greco, Salvatore and Apiletti, Daniele and Cerquitelli, Tania},
	title = {Explaining deep convolutional models by measuring the influence of interpretable features in image classification},
	year = {2024},
	journal = {Data Mining and Knowledge Discovery},
	volume = {38},
	number = {5},
	pages = {3169 – 3226},
	doi = {10.1007/s10618-023-00915-x},
	url = {https://www.scopus.com/inward/record.uri?eid=2-s2.0-85147763973&doi=10.1007%2fs10618-023-00915-x&partnerID=40&md5=c82fb80169a38f54e4489ffd74c31ed8},
	type = {Article},
	publication_stage = {Final},
	source = {Scopus},
	note = {Cited by: 1; All Open Access, Hybrid Gold Open Access}
}

@ARTICLE{Fox20241494,
	author = {Fox, Stephen and Rey, Vitor Fortes},
	title = {A Cognitive Load Theory (CLT) Analysis of Machine Learning Explainability, Transparency, Interpretability, and Shared Interpretability},
	year = {2024},
	journal = {Machine Learning and Knowledge Extraction},
	volume = {6},
	number = {3},
	pages = {1494 – 1509},
	doi = {10.3390/make6030071},
	url = {https://www.scopus.com/inward/record.uri?eid=2-s2.0-85205234095&doi=10.3390%2fmake6030071&partnerID=40&md5=55f3d99c257725cd094a3651e412c9a9},
	type = {Article},
	publication_stage = {Final},
	source = {Scopus},
	note = {Cited by: 0; All Open Access, Gold Open Access}
}

@ARTICLE{Hickling2024,
	author = {Hickling, Thomas and Zenati, Abdelhafid and Aouf, Nabil and Spencer, Phillippa},
	title = {Explainability in Deep Reinforcement Learning: A Review into Current Methods and Applications},
	year = {2024},
	journal = {ACM Computing Surveys},
	volume = {56},
	number = {5},
	doi = {10.1145/3623377},
	url = {https://www.scopus.com/inward/record.uri?eid=2-s2.0-85183323567&doi=10.1145%2f3623377&partnerID=40&md5=f939855f6fc17711bc81b26766f74608},
	type = {Article},
	publication_stage = {Final},
	source = {Scopus},
	note = {Cited by: 8; All Open Access, Green Open Access}
}

@ARTICLE{Vogel2024800,
	author = {Vogel, Richard and Schlosser, Tobias and Manthey, Robert and Ritter, Marc and Vodel, Matthias and Eibl, Maximilian and Schneider, Kristan Alexander},
	title = {A Meta Algorithm for Interpretable Ensemble Learning: The League of Experts},
	year = {2024},
	journal = {Machine Learning and Knowledge Extraction},
	volume = {6},
	number = {2},
	pages = {800 – 826},
	doi = {10.3390/make6020038},
	url = {https://www.scopus.com/inward/record.uri?eid=2-s2.0-85196873730&doi=10.3390%2fmake6020038&partnerID=40&md5=46cd4dd266d149fab275be694a62ede3},
	type = {Article},
	publication_stage = {Final},
	source = {Scopus},
	note = {Cited by: 0; All Open Access, Gold Open Access}
}

@ARTICLE{Bueff20244579,
	author = {Bueff, Andreas and Belle, Vaishak},
	title = {Learning explanatory logical rules in non-linear domains: a neuro-symbolic approach},
	year = {2024},
	journal = {Machine Learning},
	volume = {113},
	number = {7},
	pages = {4579 – 4614},
	doi = {10.1007/s10994-024-06538-7},
	url = {https://www.scopus.com/inward/record.uri?eid=2-s2.0-85189895096&doi=10.1007%2fs10994-024-06538-7&partnerID=40&md5=dda174f50af8855414e26becd1a04374},
	type = {Article},
	publication_stage = {Final},
	source = {Scopus},
	note = {Cited by: 0; All Open Access, Hybrid Gold Open Access}
}

@ARTICLE{Grattan2024,
	author = {Grattan, Natalie and Alencar da Costa, Daniel and Stanger, Nigel},
	title = {The need for more informative defect prediction: A systematic literature review},
	year = {2024},
	journal = {Information and Software Technology},
	volume = {171},
	doi = {10.1016/j.infsof.2024.107456},
	url = {https://www.scopus.com/inward/record.uri?eid=2-s2.0-85190066833&doi=10.1016%2fj.infsof.2024.107456&partnerID=40&md5=df608fd7c596005a3c8e335d2f8b8ab5},
	type = {Review},
	publication_stage = {Final},
	source = {Scopus},
	note = {Cited by: 1; All Open Access, Hybrid Gold Open Access}
}

@ARTICLE{Islam20245337,
	author = {Islam, Md. Tohidul and Syfullah, Md. Khalid and Rashed, Md.Golam and Das, Dipankar},
	title = {Bridging the gap: advancing the transparency and trustworthiness of network intrusion detection with explainable AI},
	year = {2024},
	journal = {International Journal of Machine Learning and Cybernetics},
	volume = {15},
	number = {11},
	pages = {5337 – 5360},
	doi = {10.1007/s13042-024-02242-z},
	url = {https://www.scopus.com/inward/record.uri?eid=2-s2.0-85196285513&doi=10.1007%2fs13042-024-02242-z&partnerID=40&md5=077fcbd5880886da9ed958976b849363},
	type = {Article},
	publication_stage = {Final},
	source = {Scopus},
	note = {Cited by: 2; All Open Access, Green Open Access}
}

@ARTICLE{Fatehijananloo2024,
	author = {Fatehijananloo, Marjan and Stopps, Helen and McArthur, J.J.},
	title = {Exploring artificial intelligence methods for energy prediction in healthcare Facilities: An In-Depth extended systematic review},
	year = {2024},
	journal = {Energy and Buildings},
	volume = {320},
	doi = {10.1016/j.enbuild.2024.114598},
	url = {https://www.scopus.com/inward/record.uri?eid=2-s2.0-85199910952&doi=10.1016%2fj.enbuild.2024.114598&partnerID=40&md5=9c6508ea1dc75162109862b7d3b04b92},
	type = {Review},
	publication_stage = {Final},
	source = {Scopus},
	note = {Cited by: 0; All Open Access, Green Open Access}
}

@ARTICLE{Chen2024,
	author = {Chen, Xuejiao and Liu, Minyao and Wang, Zixuan and Wang, Yun},
	title = {Explainable Deep Learning-Based Feature Selection and Intrusion Detection Method on the Internet of Things},
	year = {2024},
	journal = {Sensors},
	volume = {24},
	number = {16},
	doi = {10.3390/s24165223},
	url = {https://www.scopus.com/inward/record.uri?eid=2-s2.0-85202433233&doi=10.3390%2fs24165223&partnerID=40&md5=499586cab10a6d5597647c39c3db7d53},
	type = {Article},
	publication_stage = {Final},
	source = {Scopus},
	note = {Cited by: 1; All Open Access, Gold Open Access}
}

@ARTICLE{Fedele20247723,
	author = {Fedele, Andrea and Guidotti, Riccardo and Pedreschi, Dino},
	title = {Explaining Siamese networks in few-shot learning},
	year = {2024},
	journal = {Machine Learning},
	volume = {113},
	number = {10},
	pages = {7723 – 7760},
	doi = {10.1007/s10994-024-06529-8},
	url = {https://www.scopus.com/inward/record.uri?eid=2-s2.0-85191691303&doi=10.1007%2fs10994-024-06529-8&partnerID=40&md5=28a3f18cc1e6ec282e269b9c50cb58c1},
	type = {Article},
	publication_stage = {Final},
	source = {Scopus},
	note = {Cited by: 3; All Open Access, Hybrid Gold Open Access}
}

@ARTICLE{Allal2024,
	author = {Allal, Zaid and Noura, Hassan N. and Vernier, Flavien and Salman, Ola and Chahine, Khaled},
	title = {Wind turbine fault detection and identification using a two-tier machine learning framework},
	year = {2024},
	journal = {Intelligent Systems with Applications},
	volume = {22},
	doi = {10.1016/j.iswa.2024.200372},
	url = {https://www.scopus.com/inward/record.uri?eid=2-s2.0-85191488005&doi=10.1016%2fj.iswa.2024.200372&partnerID=40&md5=937fb943393209e4cd7284f2fd704e8d},
	type = {Article},
	publication_stage = {Final},
	source = {Scopus},
	note = {Cited by: 2; All Open Access, Gold Open Access}
}

@ARTICLE{Cesarini20243077,
	author = {Cesarini, Mirko and Malandri, Lorenzo and Pallucchini, Filippo and Seveso, Andrea and Xing, Frank},
	title = {Explainable AI for Text Classification: Lessons from a Comprehensive Evaluation of Post Hoc Methods},
	year = {2024},
	journal = {Cognitive Computation},
	volume = {16},
	number = {6},
	pages = {3077 – 3095},
	doi = {10.1007/s12559-024-10325-w},
	url = {https://www.scopus.com/inward/record.uri?eid=2-s2.0-85200746411&doi=10.1007%2fs12559-024-10325-w&partnerID=40&md5=8724a4876cc5cf68beae73b72f80769e},
	type = {Review},
	publication_stage = {Final},
	source = {Scopus},
	note = {Cited by: 1; All Open Access, Hybrid Gold Open Access}
}

@ARTICLE{Freiesleben2024,
	author = {Freiesleben, Timo and König, Gunnar and Molnar, Christoph and Tejero-Cantero, Álvaro},
	title = {Scientific Inference with Interpretable Machine Learning: Analyzing Models to Learn About Real-World Phenomena},
	year = {2024},
	journal = {Minds and Machines},
	volume = {34},
	number = {3},
	doi = {10.1007/s11023-024-09691-z},
	url = {https://www.scopus.com/inward/record.uri?eid=2-s2.0-85198749264&doi=10.1007%2fs11023-024-09691-z&partnerID=40&md5=f0f76c2d8f6dd24f53d98110e4a8ce78},
	type = {Article},
	publication_stage = {Final},
	source = {Scopus},
	note = {Cited by: 0; All Open Access}
}

@ARTICLE{Nasarian2024,
	author = {Nasarian, Elham and Alizadehsani, Roohallah and Acharya, U.Rajendra and Tsui, Kwok-Leung},
	title = {Designing interpretable ML system to enhance trust in healthcare: A systematic review to proposed responsible clinician-AI-collaboration framework},
	year = {2024},
	journal = {Information Fusion},
	volume = {108},
	doi = {10.1016/j.inffus.2024.102412},
	url = {https://www.scopus.com/inward/record.uri?eid=2-s2.0-85189938333&doi=10.1016%2fj.inffus.2024.102412&partnerID=40&md5=c350f539774b809b5e2c2fbe18bd9d05},
	type = {Article},
	publication_stage = {Final},
	source = {Scopus},
	note = {Cited by: 6; All Open Access, Green Open Access}
}

@ARTICLE{Habiba2025,
	author = {Habiba, Umm-E- and Habib, Mohammad Kasra and Bogner, Justus and Fritzsch, Jonas and Wagner, Stefan},
	title = {How do ML practitioners perceive explainability? an interview study of practices and challenges},
	year = {2025},
	journal = {Empirical Software Engineering},
	volume = {30},
	number = {1},
	doi = {10.1007/s10664-024-10565-2},
	url = {https://www.scopus.com/inward/record.uri?eid=2-s2.0-85208552436&doi=10.1007%2fs10664-024-10565-2&partnerID=40&md5=0ad43972fc46b82dcbc5a17263a556d8},
	type = {Article},
	publication_stage = {Final},
	source = {Scopus},
	note = {Cited by: 0; All Open Access, Hybrid Gold Open Access}
}

@ARTICLE{Černevičienė2024,
	author = {Černevičienė, Jurgita and Kabašinskas, Audrius},
	title = {Explainable artificial intelligence (XAI) in finance: a systematic literature review},
	year = {2024},
	journal = {Artificial Intelligence Review},
	volume = {57},
	number = {8},
	doi = {10.1007/s10462-024-10854-8},
	url = {https://www.scopus.com/inward/record.uri?eid=2-s2.0-85199768036&doi=10.1007%2fs10462-024-10854-8&partnerID=40&md5=c1c9820c36bc1799d6d632cc648732f6},
	type = {Article},
	publication_stage = {Final},
	source = {Scopus},
	note = {Cited by: 1; All Open Access}
}

@ARTICLE{Shao2024,
	author = {Shao, Sisi and Ribeiro, Pedro Henrique and Ramirez, Christina M. and Moore, Jason H.},
	title = {A review of feature selection strategies utilizing graph data structures and Knowledge Graphs},
	year = {2024},
	journal = {Briefings in Bioinformatics},
	volume = {25},
	number = {6},
	doi = {10.1093/bib/bbae521},
	url = {https://www.scopus.com/inward/record.uri?eid=2-s2.0-85209361348&doi=10.1093%2fbib%2fbbae521&partnerID=40&md5=153499f9a16d443a002a364067a0357a},
	type = {Review},
	publication_stage = {Final},
	source = {Scopus},
	note = {Cited by: 0; All Open Access, Green Open Access, Hybrid Gold Open Access}
}

@ARTICLE{Agiollo2024,
	author = {Agiollo, Andrea and Siebert, Luciano Cavalcante and Murukannaiah, Pradeep K. and Omicini, Andrea},
	title = {From large language models to small logic programs: building global explanations from disagreeing local post-hoc explainers},
	year = {2024},
	journal = {Autonomous Agents and Multi-Agent Systems},
	volume = {38},
	number = {2},
	doi = {10.1007/s10458-024-09663-8},
	url = {https://www.scopus.com/inward/record.uri?eid=2-s2.0-85197706028&doi=10.1007%2fs10458-024-09663-8&partnerID=40&md5=f9644ba1e921d5e4d239d5080adb0bcc},
	type = {Article},
	publication_stage = {Final},
	source = {Scopus},
	note = {Cited by: 0; All Open Access, Hybrid Gold Open Access}
}

@ARTICLE{Bi2024,
	author = {Bi, Hanwen and Abhayapala, Thushara D.},
	title = {Point neuron learning: a new physics-informed neural network architecture},
	year = {2024},
	journal = {Eurasip Journal on Audio, Speech, and Music Processing},
	volume = {2024},
	number = {1},
	doi = {10.1186/s13636-024-00376-0},
	url = {https://www.scopus.com/inward/record.uri?eid=2-s2.0-85208633075&doi=10.1186%2fs13636-024-00376-0&partnerID=40&md5=f9e7f9b1867992cf150470bdee948303},
	type = {Article},
	publication_stage = {Final},
	source = {Scopus},
	note = {Cited by: 0; All Open Access}
}

@ARTICLE{Alzahrani202415596,
	author = {Alzahrani, Ahmed},
	title = {Explainable AI-based Framework for Efficient Detection of Spam from Text using an Enhanced Ensemble Technique},
	year = {2024},
	journal = {Engineering, Technology and Applied Science Research},
	volume = {14},
	number = {4},
	pages = {15596 – 15601},
	doi = {10.48084/etasr.7901},
	url = {https://www.scopus.com/inward/record.uri?eid=2-s2.0-85203669586&doi=10.48084%2fetasr.7901&partnerID=40&md5=dc4a48497bac4e877d6e9a478c399f57},
	type = {Article},
	publication_stage = {Final},
	source = {Scopus},
	note = {Cited by: 1; All Open Access, Gold Open Access}
}

@ARTICLE{Elbatanouny2024,
	author = {Elbatanouny, Hagar and Kleanthous, Natasa and Dahrouj, Hayssam and Alusi, Sundus and Almajali, Eqab and Mahmoud, Soliman and Hussain, Abir},
	title = {Insights into Parkinson’s Disease-Related Freezing of Gait Detection and Prediction Approaches: A Meta Analysis},
	year = {2024},
	journal = {Sensors},
	volume = {24},
	number = {12},
	doi = {10.3390/s24123959},
	url = {https://www.scopus.com/inward/record.uri?eid=2-s2.0-85197152861&doi=10.3390%2fs24123959&partnerID=40&md5=006f22af20558bbdae2a5d3998fedf79},
	type = {Review},
	publication_stage = {Final},
	source = {Scopus},
	note = {Cited by: 0; All Open Access, Gold Open Access}
}

@ARTICLE{Wang2024445,
	author = {Wang, Mini Han and Xing, Lumin and Pan, Yi and Gu, Feng and Fang, Junbin and Yu, Xiangrong and Pang, Chi Pui and Chong, Kelvin Kam-Lung and Cheung, Carol Yim-Lui and Liao, Xulin and Fang, Xiaoxiao and Yang, Jie and Zhou, Ruoyu and Zhou, Xiaoshu and Wang, Fengling and Liu, Wenjian},
	title = {AI-Based Advanced Approaches and Dry Eye Disease Detection Based on Multi-Source Evidence: Cases, Applications, Issues, and Future Directions},
	year = {2024},
	journal = {Big Data Mining and Analytics},
	volume = {7},
	number = {2},
	pages = {445 – 484},
	doi = {10.26599/BDMA.2023.9020024},
	url = {https://www.scopus.com/inward/record.uri?eid=2-s2.0-85190468356&doi=10.26599%2fBDMA.2023.9020024&partnerID=40&md5=f2497f91c9cb6b926190585f5fb0a045},
	type = {Article},
	publication_stage = {Final},
	source = {Scopus},
	note = {Cited by: 8; All Open Access, Gold Open Access}
}

@ARTICLE{Lu2024,
	author = {Lu, Zongyue and Liu, Genyuan and Song, Zhihong and Sun, Kang and Li, Ming and Chen, Yansi and Zhao, Xidong and Zhang, Wei},
	title = {Advancements in Technologies and Methodologies of Machine Learning in Landslide Susceptibility Research: Current Trends and Future Directions},
	year = {2024},
	journal = {Applied Sciences (Switzerland)},
	volume = {14},
	number = {21},
	doi = {10.3390/app14219639},
	url = {https://www.scopus.com/inward/record.uri?eid=2-s2.0-85208469509&doi=10.3390%2fapp14219639&partnerID=40&md5=9bd4d0a3b8a972b017c31a09ee7deae4},
	type = {Review},
	publication_stage = {Final},
	source = {Scopus},
	note = {Cited by: 0; All Open Access, Gold Open Access}
}

@ARTICLE{Sreeja2024,
	author = {Sreeja, M.U. and Philip, Abin Oommen and Supriya, M.H.},
	title = {Towards explainability in artificial intelligence frameworks for heartcare: A comprehensive survey},
	year = {2024},
	journal = {Journal of King Saud University - Computer and Information Sciences},
	volume = {36},
	number = {6},
	doi = {10.1016/j.jksuci.2024.102096},
	url = {https://www.scopus.com/inward/record.uri?eid=2-s2.0-85197601951&doi=10.1016%2fj.jksuci.2024.102096&partnerID=40&md5=320eec1137843890794154fca9634f60},
	type = {Review},
	publication_stage = {Final},
	source = {Scopus},
	note = {Cited by: 0; All Open Access, Gold Open Access}
}

@ARTICLE{Ponce2024,
	author = {Ponce, Hiram and Martínez-Villaseñor, Lourdes and Martínez-Velasco, Antonieta},
	title = {Explainable artificial hydrocarbon networks classifier applied to preeclampsia},
	year = {2024},
	journal = {Information Sciences},
	volume = {670},
	doi = {10.1016/j.ins.2024.120556},
	url = {https://www.scopus.com/inward/record.uri?eid=2-s2.0-85190447732&doi=10.1016%2fj.ins.2024.120556&partnerID=40&md5=7ae10c39be88886da944f42008b44b3b},
	type = {Article},
	publication_stage = {Final},
	source = {Scopus},
	note = {Cited by: 0; All Open Access, Hybrid Gold Open Access}
}

@ARTICLE{Prado-Romero2024,
	author = {Prado-Romero, Mario Alfonso and Prenkaj, Bardh and Stilo, Giovanni and Giannotti, Fosca},
	title = {A Survey on Graph Counterfactual Explanations: Definitions, Methods, Evaluation, and Research Challenges},
	year = {2024},
	journal = {ACM Computing Surveys},
	volume = {56},
	number = {7},
	doi = {10.1145/3618105},
	url = {https://www.scopus.com/inward/record.uri?eid=2-s2.0-85191047441&doi=10.1145%2f3618105&partnerID=40&md5=c395d61b3f0e13414bc045880e80ee59},
	type = {Article},
	publication_stage = {Final},
	source = {Scopus},
	note = {Cited by: 4; All Open Access, Hybrid Gold Open Access}
}

@ARTICLE{Kostopoulos2024,
	author = {Kostopoulos, Georgios and Davrazos, Gregory and Kotsiantis, Sotiris},
	title = {Explainable Artificial Intelligence-Based Decision Support Systems: A Recent Review},
	year = {2024},
	journal = {Electronics (Switzerland)},
	volume = {13},
	number = {14},
	doi = {10.3390/electronics13142842},
	url = {https://www.scopus.com/inward/record.uri?eid=2-s2.0-85199589872&doi=10.3390%2felectronics13142842&partnerID=40&md5=8b2741e59b503cf299aa8fdba054baba},
	type = {Review},
	publication_stage = {Final},
	source = {Scopus},
	note = {Cited by: 2; All Open Access, Gold Open Access}
}

@ARTICLE{Biswas2024,
	author = {Biswas, Al Amin},
	title = {A comprehensive review of explainable AI for disease diagnosis},
	year = {2024},
	journal = {Array},
	volume = {22},
	doi = {10.1016/j.array.2024.100345},
	url = {https://www.scopus.com/inward/record.uri?eid=2-s2.0-85191662565&doi=10.1016%2fj.array.2024.100345&partnerID=40&md5=cbaf9f9a518dd597abec758e4cf20ccc},
	type = {Review},
	publication_stage = {Final},
	source = {Scopus},
	note = {Cited by: 1; All Open Access, Gold Open Access}
}

@ARTICLE{Flevaris20241234,
	author = {Flevaris, Konstantinos and Davies, Joseph and Nakai, Shoh and Vučković, Frano and Lauc, Gordan and Dunlop, Malcolm G. and Kontoravdi, Cleo},
	title = {Machine learning framework to extract the biomarker potential of plasma IgG N-glycans towards disease risk stratification},
	year = {2024},
	journal = {Computational and Structural Biotechnology Journal},
	volume = {23},
	pages = {1234 – 1243},
	doi = {10.1016/j.csbj.2024.03.008},
	url = {https://www.scopus.com/inward/record.uri?eid=2-s2.0-85188617474&doi=10.1016%2fj.csbj.2024.03.008&partnerID=40&md5=fad07b7933204b23e34f4ad7e41d12bc},
	type = {Article},
	publication_stage = {Final},
	source = {Scopus},
	note = {Cited by: 1; All Open Access, Hybrid Gold Open Access}
}

@ARTICLE{Zhou20247645,
	author = {Zhou, Yunzhe and Xu, Peiru and Hooker, Giles},
	title = {A generic approach for reproducible model distillation},
	year = {2024},
	journal = {Machine Learning},
	volume = {113},
	number = {10},
	pages = {7645 – 7688},
	doi = {10.1007/s10994-024-06597-w},
	url = {https://www.scopus.com/inward/record.uri?eid=2-s2.0-85200329445&doi=10.1007%2fs10994-024-06597-w&partnerID=40&md5=b3a0b02f5e610c3638cda93299bb90f0},
	type = {Article},
	publication_stage = {Final},
	source = {Scopus},
	note = {Cited by: 0; All Open Access, Hybrid Gold Open Access}
}

@ARTICLE{Karzanov2024769,
	author = {Karzanov, Daniil},
	title = {Headline-Driven Classification and Local Interpretation for Market Outperformance and Low-Risk Stock Prediction},
	year = {2024},
	journal = {Computational Economics},
	volume = {64},
	number = {2},
	pages = {769 – 788},
	doi = {10.1007/s10614-023-10449-5},
	url = {https://www.scopus.com/inward/record.uri?eid=2-s2.0-85170045135&doi=10.1007%2fs10614-023-10449-5&partnerID=40&md5=06c65216282f57c42fe92ca701d4e38a},
	type = {Article},
	publication_stage = {Final},
	source = {Scopus},
	note = {Cited by: 1; All Open Access, Hybrid Gold Open Access}
}

@ARTICLE{Oladimeji2024,
	author = {Oladimeji, Oladosu Oyebisi and Ayaz, Hamail and McLoughlin, Ian and Unnikrishnan, Saritha},
	title = {Mutual information-based radiomic feature selection with SHAP explainability for breast cancer diagnosis},
	year = {2024},
	journal = {Results in Engineering},
	volume = {24},
	doi = {10.1016/j.rineng.2024.103071},
	url = {https://www.scopus.com/inward/record.uri?eid=2-s2.0-85206340006&doi=10.1016%2fj.rineng.2024.103071&partnerID=40&md5=b961815c30c23877dcf37b28dec17b57},
	type = {Article},
	publication_stage = {Final},
	source = {Scopus},
	note = {Cited by: 1; All Open Access, Gold Open Access}
}

@ARTICLE{Jayapradha2024575,
	author = {Jayapradha, V. and Vinoth, M. and Anitha, K. and Kalakoti, Gowrisankar and Nithila, Ezhil E.},
	title = {Explainable AI for Transparent MRI Segmentation: Deep Learning and Visual Attribution in Clinical Decision Support},
	year = {2024},
	journal = {International Journal of Computational and Experimental Science and Engineering},
	volume = {10},
	number = {4},
	pages = {575 – 584},
	doi = {10.22399/ijcesen.479},
	url = {https://www.scopus.com/inward/record.uri?eid=2-s2.0-85207213179&doi=10.22399%2fijcesen.479&partnerID=40&md5=c3be63897d62a9604caeec0a992c87bf},
	type = {Article},
	publication_stage = {Final},
	source = {Scopus},
	note = {Cited by: 3; All Open Access, Gold Open Access}
}

@ARTICLE{Jiménez2024,
	author = {Jiménez, Ana and Merino, María José and Parras, Juan and Zazo, Santiago},
	title = {Explainable drug repurposing via path based knowledge graph completion},
	year = {2024},
	journal = {Scientific Reports},
	volume = {14},
	number = {1},
	doi = {10.1038/s41598-024-67163-x},
	url = {https://www.scopus.com/inward/record.uri?eid=2-s2.0-85198843831&doi=10.1038%2fs41598-024-67163-x&partnerID=40&md5=0bbc45782262223470461679af624ed1},
	type = {Article},
	publication_stage = {Final},
	source = {Scopus},
	note = {Cited by: 0; All Open Access, Gold Open Access}
}

@ARTICLE{Baniecki2024,
	author = {Baniecki, Hubert and Biecek, Przemyslaw},
	title = {Adversarial attacks and defenses in explainable artificial intelligence: A survey},
	year = {2024},
	journal = {Information Fusion},
	volume = {107},
	doi = {10.1016/j.inffus.2024.102303},
	url = {https://www.scopus.com/inward/record.uri?eid=2-s2.0-85186683876&doi=10.1016%2fj.inffus.2024.102303&partnerID=40&md5=beb8b06c9eae8eb3a17d747abc60c58b},
	type = {Article},
	publication_stage = {Final},
	source = {Scopus},
	note = {Cited by: 13; All Open Access, Green Open Access}
}

@ARTICLE{Perdomo-Quinteiro2024,
	author = {Perdomo-Quinteiro, Pablo and Belmonte-Hernández, Alberto},
	title = {Knowledge Graphs for drug repurposing: a review of databases and methods},
	year = {2024},
	journal = {Briefings in Bioinformatics},
	volume = {25},
	number = {6},
	doi = {10.1093/bib/bbae461},
	url = {https://www.scopus.com/inward/record.uri?eid=2-s2.0-85204941705&doi=10.1093%2fbib%2fbbae461&partnerID=40&md5=110cf0653be4746081d9447adad0fddd},
	type = {Review},
	publication_stage = {Final},
	source = {Scopus},
	note = {Cited by: 0; All Open Access, Hybrid Gold Open Access}
}

@ARTICLE{Ng2024,
	author = {Ng, Lynnette Hui Xian and Carley, Kathleen M.},
	title = {Assembling a multi-platform ensemble social bot detector with applications to US 2020 elections},
	year = {2024},
	journal = {Social Network Analysis and Mining},
	volume = {14},
	number = {1},
	doi = {10.1007/s13278-024-01211-2},
	url = {https://www.scopus.com/inward/record.uri?eid=2-s2.0-85185884102&doi=10.1007%2fs13278-024-01211-2&partnerID=40&md5=1072315cc0b50d58f1940d2ffbab76c6},
	type = {Article},
	publication_stage = {Final},
	source = {Scopus},
	note = {Cited by: 4; All Open Access, Hybrid Gold Open Access}
}

@ARTICLE{Sepulveda2024170,
	author = {Sepulveda, Ailton and Pravisani, Riccardo},
	title = {Artificial intelligence and liver transplantation: looking inside the Pandora’s box},
	year = {2024},
	journal = {Artificial Intelligence Surgery},
	volume = {4},
	number = {3},
	pages = {170 – 179},
	doi = {10.20517/ais.2024.11},
	url = {https://www.scopus.com/inward/record.uri?eid=2-s2.0-85201543944&doi=10.20517%2fais.2024.11&partnerID=40&md5=2c84e24eac8ea589d16b0b037400aecf},
	type = {Review},
	publication_stage = {Final},
	source = {Scopus},
	note = {Cited by: 0; All Open Access, Gold Open Access}
}

@ARTICLE{Presciuttini2024477,
	author = {Presciuttini, Anna and Cantini, Alessandra and Costa, Federica and Portioli-Staudacher, Alberto},
	title = {Machine learning applications on IoT data in manufacturing operations and their interpretability implications: A systematic literature review},
	year = {2024},
	journal = {Journal of Manufacturing Systems},
	volume = {74},
	pages = {477 – 486},
	doi = {10.1016/j.jmsy.2024.04.012},
	url = {https://www.scopus.com/inward/record.uri?eid=2-s2.0-85190506777&doi=10.1016%2fj.jmsy.2024.04.012&partnerID=40&md5=96832a08a0443aacd053699c605fdae6},
	type = {Article},
	publication_stage = {Final},
	source = {Scopus},
	note = {Cited by: 6; All Open Access, Hybrid Gold Open Access}
}

@ARTICLE{Saarela2024,
	author = {Saarela, Mirka and Podgorelec, Vili},
	title = {Recent Applications of Explainable AI (XAI): A Systematic Literature Review},
	year = {2024},
	journal = {Applied Sciences (Switzerland)},
	volume = {14},
	number = {19},
	doi = {10.3390/app14198884},
	url = {https://www.scopus.com/inward/record.uri?eid=2-s2.0-85206906206&doi=10.3390%2fapp14198884&partnerID=40&md5=992260003e2b588aecbea7be2fc63eb4},
	type = {Review},
	publication_stage = {Final},
	source = {Scopus},
	note = {Cited by: 0; All Open Access, Gold Open Access}
}

@ARTICLE{Schwalbe20243043,
	author = {Schwalbe, Gesina and Finzel, Bettina},
	title = {A comprehensive taxonomy for explainable artificial intelligence: a systematic survey of surveys on methods and concepts},
	year = {2024},
	journal = {Data Mining and Knowledge Discovery},
	volume = {38},
	number = {5},
	pages = {3043 – 3101},
	doi = {10.1007/s10618-022-00867-8},
	url = {https://www.scopus.com/inward/record.uri?eid=2-s2.0-85145729202&doi=10.1007%2fs10618-022-00867-8&partnerID=40&md5=849f1b1030ff7357e15e1dde888c4344},
	type = {Article},
	publication_stage = {Final},
	source = {Scopus},
	note = {Cited by: 57; All Open Access, Hybrid Gold Open Access}
}

@ARTICLE{Abbas2024,
	author = {Abbas, Sagheer and Asif, Muhammad and Rehman, Abdur and Alharbi, Meshal and Khan, Muhammad Adnan and Elmitwally, Nouh},
	title = {Emerging research trends in artificial intelligence for cancer diagnostic systems: A comprehensive review},
	year = {2024},
	journal = {Heliyon},
	volume = {10},
	number = {17},
	doi = {10.1016/j.heliyon.2024.e36743},
	url = {https://www.scopus.com/inward/record.uri?eid=2-s2.0-85201762113&doi=10.1016%2fj.heliyon.2024.e36743&partnerID=40&md5=737fed041ef44607c1eba38d789fc7db},
	type = {Review},
	publication_stage = {Final},
	source = {Scopus},
	note = {Cited by: 0; All Open Access, Gold Open Access}
}

@ARTICLE{Guo2024,
	author = {Guo, Hongyuan and Dong, You and Bastidas-Arteaga, Emilio and Lei, Xiaoming},
	title = {Life-cycle performance prediction and interpretation for coastal and marine RC structures: An ensemble learning framework},
	year = {2024},
	journal = {Structural Safety},
	volume = {110},
	doi = {10.1016/j.strusafe.2024.102496},
	url = {https://www.scopus.com/inward/record.uri?eid=2-s2.0-85196369806&doi=10.1016%2fj.strusafe.2024.102496&partnerID=40&md5=0e339d8ee8b9b15d829c0b81480e0a58},
	type = {Article},
	publication_stage = {Final},
	source = {Scopus},
	note = {Cited by: 3; All Open Access, Green Open Access}
}

@ARTICLE{Huang2024362,
	author = {Huang, Guangming and Li, Yingya and Jameel, Shoaib and Long, Yunfei and Papanastasiou, Giorgos},
	title = {From explainable to interpretable deep learning for natural language processing in healthcare: How far from reality?},
	year = {2024},
	journal = {Computational and Structural Biotechnology Journal},
	volume = {24},
	pages = {362 – 373},
	doi = {10.1016/j.csbj.2024.05.004},
	url = {https://www.scopus.com/inward/record.uri?eid=2-s2.0-85192748099&doi=10.1016%2fj.csbj.2024.05.004&partnerID=40&md5=3cffaa7c5f3188c1e5e068ff383b1f37},
	type = {Review},
	publication_stage = {Final},
	source = {Scopus},
	note = {Cited by: 6; All Open Access, Hybrid Gold Open Access}
}

@ARTICLE{Al-Hmouz2024,
	author = {Al-Hmouz, Rami and Pedrycz, Witold and Ammari, Ahmed},
	title = {Counterfactuals in fuzzy relational models},
	year = {2024},
	journal = {Artificial Intelligence Review},
	volume = {57},
	number = {12},
	doi = {10.1007/s10462-024-10996-9},
	url = {https://www.scopus.com/inward/record.uri?eid=2-s2.0-85207511947&doi=10.1007%2fs10462-024-10996-9&partnerID=40&md5=fe3ab660707f0800a863a7da4d18366e},
	type = {Article},
	publication_stage = {Final},
	source = {Scopus},
	note = {Cited by: 0; All Open Access, Hybrid Gold Open Access}
}

@ARTICLE{Elattar202421607,
	author = {Elattar, Mona and Younes, Ahmed and Gad, Ibrahim and Elkabani, Islam},
	title = {Explainable AI model for PDFMal detection based on gradient boosting model},
	year = {2024},
	journal = {Neural Computing and Applications},
	volume = {36},
	number = {34},
	pages = {21607 – 21622},
	doi = {10.1007/s00521-024-10314-y},
	url = {https://www.scopus.com/inward/record.uri?eid=2-s2.0-85203153180&doi=10.1007%2fs00521-024-10314-y&partnerID=40&md5=1ef484eb09511dec5cfa1c358ac42143},
	type = {Article},
	publication_stage = {Final},
	source = {Scopus},
	note = {Cited by: 0; All Open Access}
}

@ARTICLE{Liu2024,
	author = {Liu, Jie and Zhang, Qian and Macián-Juan, Rafael},
	title = {Enhancing interpretability in neural networks for nuclear power plant fault diagnosis: A comprehensive analysis and improvement approach},
	year = {2024},
	journal = {Progress in Nuclear Energy},
	volume = {174},
	doi = {10.1016/j.pnucene.2024.105287},
	url = {https://www.scopus.com/inward/record.uri?eid=2-s2.0-85194191892&doi=10.1016%2fj.pnucene.2024.105287&partnerID=40&md5=a4d7be49b81d773719b85e85aa94dec5},
	type = {Article},
	publication_stage = {Final},
	source = {Scopus},
	note = {Cited by: 1; All Open Access, Hybrid Gold Open Access}
}

@ARTICLE{Oshternian2024,
	author = {Oshternian, S.R. and Loipfinger, S. and Bhattacharya, A. and Fehrmann, R.S.N.},
	title = {Exploring combinations of dimensionality reduction, transfer learning, and regularization methods for predicting binary phenotypes with transcriptomic data},
	year = {2024},
	journal = {BMC Bioinformatics},
	volume = {25},
	number = {1},
	doi = {10.1186/s12859-024-05795-6},
	url = {https://www.scopus.com/inward/record.uri?eid=2-s2.0-85191399200&doi=10.1186%2fs12859-024-05795-6&partnerID=40&md5=5641a257353b792c5e9cc430ff997a86},
	type = {Article},
	publication_stage = {Final},
	source = {Scopus},
	note = {Cited by: 1; All Open Access, Gold Open Access}
}

@ARTICLE{Mahamud2024,
	author = {Mahamud, Eram and Fahad, Nafiz and Assaduzzaman, Md and Zain, S.M. and Goh, Kah Ong Michael and Morol, Md. Kishor},
	title = {An explainable artificial intelligence model for multiple lung diseases classification from chest X-ray images using fine-tuned transfer learning},
	year = {2024},
	journal = {Decision Analytics Journal},
	volume = {12},
	doi = {10.1016/j.dajour.2024.100499},
	url = {https://www.scopus.com/inward/record.uri?eid=2-s2.0-85198381959&doi=10.1016%2fj.dajour.2024.100499&partnerID=40&md5=edd0f67f4e3bbb4af46d2b3978966ff7},
	type = {Article},
	publication_stage = {Final},
	source = {Scopus},
	note = {Cited by: 2; All Open Access, Gold Open Access}
}

@ARTICLE{Samadi2024,
	author = {Samadi, Moein E. and Guzman-Maldonado, Jorge and Nikulina, Kateryna and Mirzaieazar, Hedieh and Sharafutdinov, Konstantin and Fritsch, Sebastian Johannes and Schuppert, Andreas},
	title = {A hybrid modeling framework for generalizable and interpretable predictions of ICU mortality across multiple hospitals},
	year = {2024},
	journal = {Scientific Reports},
	volume = {14},
	number = {1},
	doi = {10.1038/s41598-024-55577-6},
	url = {https://www.scopus.com/inward/record.uri?eid=2-s2.0-85187180750&doi=10.1038%2fs41598-024-55577-6&partnerID=40&md5=ad2bb3e44319bac49325deba117f229f},
	type = {Article},
	publication_stage = {Final},
	source = {Scopus},
	note = {Cited by: 0; All Open Access, Gold Open Access}
}

@ARTICLE{Wei2024738,
	author = {Wei, Kai and Qian, Fang and Li, Yixue and Zeng, Tao and Huang, Tao},
	title = {Integrating multi-omics data of childhood asthma using a deep association model},
	year = {2024},
	journal = {Fundamental Research},
	volume = {4},
	number = {4},
	pages = {738 – 751},
	doi = {10.1016/j.fmre.2024.03.022},
	url = {https://www.scopus.com/inward/record.uri?eid=2-s2.0-85191478357&doi=10.1016%2fj.fmre.2024.03.022&partnerID=40&md5=84755cb9b8c0ba146c5582e06b607771},
	type = {Article},
	publication_stage = {Final},
	source = {Scopus},
	note = {Cited by: 1; All Open Access, Gold Open Access}
}

@ARTICLE{Sathi2024,
	author = {Sathi, Tanjila Alam and Jany, Rafsan and Ela, Razia Zaman and Azad, A.K.M. and Alyami, Salem Ali and Hossain, Md Azam and Hussain, Iqram},
	title = {An interpretable electrocardiogram-based model for predicting arrhythmia and ischemia in cardiovascular disease},
	year = {2024},
	journal = {Results in Engineering},
	volume = {24},
	doi = {10.1016/j.rineng.2024.103381},
	url = {https://www.scopus.com/inward/record.uri?eid=2-s2.0-85208508453&doi=10.1016%2fj.rineng.2024.103381&partnerID=40&md5=a18beff00eef61b096adacb68603fe23},
	type = {Article},
	publication_stage = {Final},
	source = {Scopus},
	note = {Cited by: 0; All Open Access, Gold Open Access}
}

@ARTICLE{Guo2024,
	author = {Guo, Li and Tahir, Anas M. and Hore, Michael and Collins, Andrew and Rideout, Andrew and Wang, Z. Jane},
	title = {A multi-task learning model for clinically interpretable sesamoiditis grading},
	year = {2024},
	journal = {Computers in Biology and Medicine},
	volume = {182},
	doi = {10.1016/j.compbiomed.2024.109179},
	url = {https://www.scopus.com/inward/record.uri?eid=2-s2.0-85204790307&doi=10.1016%2fj.compbiomed.2024.109179&partnerID=40&md5=0bd476aa488477aa1a44a869f2c8e42d},
	type = {Article},
	publication_stage = {Final},
	source = {Scopus},
	note = {Cited by: 0; All Open Access}
}

@ARTICLE{Penfold2024,
	author = {Penfold, Thomas and Watson, Luke and Middleton, Clelia and David, Tudur and Verma, Sneha and Pope, Thomas and Kaczmarek, Julia and Rankine, Conor},
	title = {Machine-learning strategies for the accurate and efficient analysis of x-ray spectroscopy},
	year = {2024},
	journal = {Machine Learning: Science and Technology},
	volume = {5},
	number = {2},
	doi = {10.1088/2632-2153/ad5074},
	url = {https://www.scopus.com/inward/record.uri?eid=2-s2.0-85195537986&doi=10.1088%2f2632-2153%2fad5074&partnerID=40&md5=f68e8e04151636a9b17a36ee4e76826e},
	type = {Review},
	publication_stage = {Final},
	source = {Scopus},
	note = {Cited by: 2; All Open Access, Gold Open Access}
}

@ARTICLE{Yuan202445,
	author = {Yuan, Yue and Chaffart, Donovan and Wu, Tao and Zhu, Jesse},
	title = {Transparency: The Missing Link to Boosting AI Transformations in Chemical Engineering},
	year = {2024},
	journal = {Engineering},
	volume = {39},
	pages = {45 – 60},
	doi = {10.1016/j.eng.2023.11.024},
	url = {https://www.scopus.com/inward/record.uri?eid=2-s2.0-85199953763&doi=10.1016%2fj.eng.2023.11.024&partnerID=40&md5=62985450c6b1c4615d0fd80497473587},
	type = {Review},
	publication_stage = {Final},
	source = {Scopus},
	note = {Cited by: 0; All Open Access, Gold Open Access}
}

@ARTICLE{Tahir2024,
	author = {Tahir, H. Ahmed and Alayed, Walaa and Hassan, Waqar Ul and Haider, Amir},
	title = {A Novel Hybrid XAI Solution for Autonomous Vehicles: Real-Time Interpretability Through LIME–SHAP Integration},
	year = {2024},
	journal = {Sensors},
	volume = {24},
	number = {21},
	doi = {10.3390/s24216776},
	url = {https://www.scopus.com/inward/record.uri?eid=2-s2.0-85208588366&doi=10.3390%2fs24216776&partnerID=40&md5=b100c2ae38ef666871af59a4c3682336},
	type = {Article},
	publication_stage = {Final},
	source = {Scopus},
	note = {Cited by: 0; All Open Access}
}

@ARTICLE{Pawlicki2024,
	author = {Pawlicki, Marek and Pawlicka, Aleksandra and Kozik, Rafał and Choraś, Michał},
	title = {Advanced insights through systematic analysis: Mapping future research directions and opportunities for xAI in deep learning and artificial intelligence used in cybersecurity},
	year = {2024},
	journal = {Neurocomputing},
	volume = {590},
	doi = {10.1016/j.neucom.2024.127759},
	url = {https://www.scopus.com/inward/record.uri?eid=2-s2.0-85191848556&doi=10.1016%2fj.neucom.2024.127759&partnerID=40&md5=7a3c50aae42660d8c6d9950a484b88ce},
	type = {Article},
	publication_stage = {Final},
	source = {Scopus},
	note = {Cited by: 5; All Open Access, Hybrid Gold Open Access}
}

@ARTICLE{Aldinucci2024323,
	author = {Aldinucci, Tommaso and Lapucci, Matteo},
	title = {Loss-optimal classification trees: a generalized framework and the logistic case},
	year = {2024},
	journal = {TOP},
	volume = {32},
	number = {2},
	pages = {323 – 350},
	doi = {10.1007/s11750-024-00674-y},
	url = {https://www.scopus.com/inward/record.uri?eid=2-s2.0-85194538681&doi=10.1007%2fs11750-024-00674-y&partnerID=40&md5=37e99ac77259b762536613f948325b1c},
	type = {Article},
	publication_stage = {Final},
	source = {Scopus},
	note = {Cited by: 0; All Open Access, Hybrid Gold Open Access}
}

@ARTICLE{Su2024,
	author = {Su, Chang and Wang, Xingyue and Liu, Shupin and Chen, Yijiang},
	title = {Efficient Visual Metaphor Image Generation Based on Metaphor Understanding},
	year = {2024},
	journal = {Neural Processing Letters},
	volume = {56},
	number = {3},
	doi = {10.1007/s11063-024-11609-w},
	url = {https://www.scopus.com/inward/record.uri?eid=2-s2.0-85190507976&doi=10.1007%2fs11063-024-11609-w&partnerID=40&md5=8ec1e096b02a90427ac838e012ecac47},
	type = {Article},
	publication_stage = {Final},
	source = {Scopus},
	note = {Cited by: 1; All Open Access, Hybrid Gold Open Access}
}

@ARTICLE{Wyatt2024,
	author = {Wyatt, Lucie S. and van Karnenbeek, Lennard M. and Wijkhuizen, Mark and Geldof, Freija and Dashtbozorg, Behdad},
	title = {Explainable Artificial Intelligence (XAI) for Oncological Ultrasound Image Analysis: A Systematic Review},
	year = {2024},
	journal = {Applied Sciences (Switzerland)},
	volume = {14},
	number = {18},
	doi = {10.3390/app14188108},
	url = {https://www.scopus.com/inward/record.uri?eid=2-s2.0-85205297860&doi=10.3390%2fapp14188108&partnerID=40&md5=793e90f8a5570b45e7952eef3978891e},
	type = {Review},
	publication_stage = {Final},
	source = {Scopus},
	note = {Cited by: 0; All Open Access, Gold Open Access}
}

@ARTICLE{Langford2024,
	author = {Langford, Michael Austin and Zilberman, Sol and Cheng, Betty},
	title = {Anunnaki: A Modular Framework for Developing Trusted Artificial Intelligence},
	year = {2024},
	journal = {ACM Transactions on Autonomous and Adaptive Systems},
	volume = {19},
	number = {3},
	doi = {10.1145/3649453},
	url = {https://www.scopus.com/inward/record.uri?eid=2-s2.0-85203277578&doi=10.1145%2f3649453&partnerID=40&md5=03854a522cb9ecf0c4b249f0b751c7ab},
	type = {Article},
	publication_stage = {Final},
	source = {Scopus},
	note = {Cited by: 0; All Open Access, Bronze Open Access}
}

@ARTICLE{Schneider2024,
	author = {Schneider, Johannes},
	title = {Explainable Generative AI (GenXAI): a survey, conceptualization, and research agenda},
	year = {2024},
	journal = {Artificial Intelligence Review},
	volume = {57},
	number = {11},
	doi = {10.1007/s10462-024-10916-x},
	url = {https://www.scopus.com/inward/record.uri?eid=2-s2.0-85204171936&doi=10.1007%2fs10462-024-10916-x&partnerID=40&md5=4932bc6999a7c371b6a7a197bd18d75a},
	type = {Article},
	publication_stage = {Final},
	source = {Scopus},
	note = {Cited by: 0; All Open Access, Hybrid Gold Open Access}
}

@ARTICLE{Cantor2024,
	author = {Cantor, Erika and Guauque-Olarte, Sandra and León, Roberto and Chabert, Steren and Salas, Rodrigo},
	title = {Knowledge-slanted random forest method for high-dimensional data and small sample size with a feature selection application for gene expression data},
	year = {2024},
	journal = {BioData Mining},
	volume = {17},
	number = {1},
	doi = {10.1186/s13040-024-00388-8},
	url = {https://www.scopus.com/inward/record.uri?eid=2-s2.0-85203424910&doi=10.1186%2fs13040-024-00388-8&partnerID=40&md5=ac69ab7dceaa3c28574ebb2c25c8367d},
	type = {Article},
	publication_stage = {Final},
	source = {Scopus},
	note = {Cited by: 0; All Open Access, Gold Open Access}
}

@ARTICLE{Ounissi2024,
	author = {Ounissi, Mehdi and Latouche, Morwena and Racoceanu, Daniel},
	title = {PhagoStat a scalable and interpretable end to end framework for efficient quantification of cell phagocytosis in neurodegenerative disease studies},
	year = {2024},
	journal = {Scientific Reports},
	volume = {14},
	number = {1},
	doi = {10.1038/s41598-024-56081-7},
	url = {https://www.scopus.com/inward/record.uri?eid=2-s2.0-85188087460&doi=10.1038%2fs41598-024-56081-7&partnerID=40&md5=72820d2e683470c5183d3640ef45422f},
	type = {Article},
	publication_stage = {Final},
	source = {Scopus},
	note = {Cited by: 0; All Open Access, Gold Open Access}
}

@ARTICLE{Meng2024,
	author = {Meng, Han and Wagner, Christian and Triguero, Isaac},
	title = {SEGAL time series classification — Stable explanations using a generative model and an adaptive weighting method for LIME},
	year = {2024},
	journal = {Neural Networks},
	volume = {176},
	doi = {10.1016/j.neunet.2024.106345},
	url = {https://www.scopus.com/inward/record.uri?eid=2-s2.0-85192491548&doi=10.1016%2fj.neunet.2024.106345&partnerID=40&md5=736fc0b63db4f77ef50f2cd2a5f5d099},
	type = {Article},
	publication_stage = {Final},
	source = {Scopus},
	note = {Cited by: 3; All Open Access, Hybrid Gold Open Access}
}

@ARTICLE{Baniecki20242596,
	author = {Baniecki, Hubert and Parzych, Dariusz and Biecek, Przemyslaw},
	title = {The grammar of interactive explanatory model analysis},
	year = {2024},
	journal = {Data Mining and Knowledge Discovery},
	volume = {38},
	number = {5},
	pages = {2596 – 2632},
	doi = {10.1007/s10618-023-00924-w},
	url = {https://www.scopus.com/inward/record.uri?eid=2-s2.0-85148056711&doi=10.1007%2fs10618-023-00924-w&partnerID=40&md5=646cba7465c9d7de49ff5024012d474a},
	type = {Article},
	publication_stage = {Final},
	source = {Scopus},
	note = {Cited by: 7; All Open Access, Hybrid Gold Open Access}
}

@ARTICLE{Wulff20241843,
	author = {Wulff, Kristin and Finnestrand, Hanne},
	title = {Creating meaningful work in the age of AI: explainable AI, explainability, and why it matters to organizational designers},
	year = {2024},
	journal = {AI and Society},
	volume = {39},
	number = {4},
	pages = {1843 – 1856},
	doi = {10.1007/s00146-023-01633-0},
	url = {https://www.scopus.com/inward/record.uri?eid=2-s2.0-85146848112&doi=10.1007%2fs00146-023-01633-0&partnerID=40&md5=3ae113b090b7e4938bdf9ec3b2cd67c1},
	type = {Article},
	publication_stage = {Final},
	source = {Scopus},
	note = {Cited by: 6; All Open Access, Hybrid Gold Open Access}
}

@ARTICLE{Sharma2024,
	author = {Sharma, Chetan and Sharma, Shamneesh and Sharma, Komal and Sethi, Ganesh Kumar and Chen, Hsin-Yuan},
	title = {Exploring explainable AI: a bibliometric analysis},
	year = {2024},
	journal = {Discover Applied Sciences},
	volume = {6},
	number = {11},
	doi = {10.1007/s42452-024-06324-z},
	url = {https://www.scopus.com/inward/record.uri?eid=2-s2.0-85209112113&doi=10.1007%2fs42452-024-06324-z&partnerID=40&md5=c73fec08165a2c78baea096aa9746d99},
	type = {Article},
	publication_stage = {Final},
	source = {Scopus},
	note = {Cited by: 0; All Open Access}
}

@ARTICLE{Chen2024,
	author = {Chen, George H. and Li, Linhong and Zuo, Ren and Coston, Amanda and Weiss, Jeremy C.},
	title = {Neural topic models with survival supervision: Jointly predicting time-to-event outcomes and learning how clinical features relate},
	year = {2024},
	journal = {Artificial Intelligence in Medicine},
	volume = {154},
	doi = {10.1016/j.artmed.2024.102898},
	url = {https://www.scopus.com/inward/record.uri?eid=2-s2.0-85195035926&doi=10.1016%2fj.artmed.2024.102898&partnerID=40&md5=eda43422e39b4dc6fe08260c4544c962},
	type = {Article},
	publication_stage = {Final},
	source = {Scopus},
	note = {Cited by: 0; All Open Access, Hybrid Gold Open Access}
}

@ARTICLE{Abdulla2024,
	author = {Abdulla, Ahmad and Baryannis, George},
	title = {A hybrid multi-criteria decision-making and machine learning approach for explainable supplier selection},
	year = {2024},
	journal = {Supply Chain Analytics},
	volume = {7},
	doi = {10.1016/j.sca.2024.100074},
	url = {https://www.scopus.com/inward/record.uri?eid=2-s2.0-85197030410&doi=10.1016%2fj.sca.2024.100074&partnerID=40&md5=b49ad7d95ea8072281ef9585ba61edb3},
	type = {Article},
	publication_stage = {Final},
	source = {Scopus},
	note = {Cited by: 3; All Open Access, Hybrid Gold Open Access}
}

@ARTICLE{Lu2024257,
	author = {Lu, Zhen and Afridi, Imran and Kang, Hong Jin and Ruchkin, Ivan and Zheng, Xi},
	title = {Surveying neuro-symbolic approaches for reliable artificial intelligence of things},
	year = {2024},
	journal = {Journal of Reliable Intelligent Environments},
	volume = {10},
	number = {3},
	pages = {257 – 279},
	doi = {10.1007/s40860-024-00231-1},
	url = {https://www.scopus.com/inward/record.uri?eid=2-s2.0-85199550805&doi=10.1007%2fs40860-024-00231-1&partnerID=40&md5=a95b3e94ed90c433bc81fd5a2475e0aa},
	type = {Review},
	publication_stage = {Final},
	source = {Scopus},
	note = {Cited by: 7; All Open Access, Hybrid Gold Open Access}
}

@ARTICLE{Bhati2024,
	author = {Bhati, Deepshikha and Neha, Fnu and Amiruzzaman, Md},
	title = {A Survey on Explainable Artificial Intelligence (XAI) Techniques for Visualizing Deep Learning Models in Medical Imaging},
	year = {2024},
	journal = {Journal of Imaging},
	volume = {10},
	number = {10},
	doi = {10.3390/jimaging10100239},
	url = {https://www.scopus.com/inward/record.uri?eid=2-s2.0-85207649104&doi=10.3390%2fjimaging10100239&partnerID=40&md5=ed3ad54d7ea321d504dce6b32271d73e},
	type = {Article},
	publication_stage = {Final},
	source = {Scopus},
	note = {Cited by: 0; All Open Access, Gold Open Access}
}

@ARTICLE{Nguyen2024,
	author = {Nguyen, Benjamin and Chioua, Moncef},
	title = {A propagation path-based interpretable neural network model for fault detection and diagnosis in chemical process systems},
	year = {2024},
	journal = {Control Engineering Practice},
	volume = {150},
	doi = {10.1016/j.conengprac.2024.105988},
	url = {https://www.scopus.com/inward/record.uri?eid=2-s2.0-85195569904&doi=10.1016%2fj.conengprac.2024.105988&partnerID=40&md5=a0065f67c9e55f3db5d3e7756799c49d},
	type = {Article},
	publication_stage = {Final},
	source = {Scopus},
	note = {Cited by: 1; All Open Access, Hybrid Gold Open Access}
}

@ARTICLE{Elshawi2024,
	author = {Elshawi, Radwa and Sakr, Sherif and Al-Mallah, Mouaz H. and Keteyian, Steven J. and Brawner, Clinton A. and Ehrman, Jonathan K.},
	title = {FIT calculator: a multi-risk prediction framework for medical outcomes using cardiorespiratory fitness data},
	year = {2024},
	journal = {Scientific Reports},
	volume = {14},
	number = {1},
	doi = {10.1038/s41598-024-59401-z},
	url = {https://www.scopus.com/inward/record.uri?eid=2-s2.0-85190574081&doi=10.1038%2fs41598-024-59401-z&partnerID=40&md5=fe6a47f6b9844de1a1f0309814cd2ac3},
	type = {Article},
	publication_stage = {Final},
	source = {Scopus},
	note = {Cited by: 1; All Open Access, Gold Open Access}
}

@ARTICLE{Pileggi2024,
	author = {Pileggi, Salvatore Flavio},
	title = {Ontology in Hybrid Intelligence: A Concise Literature Review},
	year = {2024},
	journal = {Future Internet},
	volume = {16},
	number = {8},
	doi = {10.3390/fi16080268},
	url = {https://www.scopus.com/inward/record.uri?eid=2-s2.0-85202291953&doi=10.3390%2ffi16080268&partnerID=40&md5=635477d3aede3dd6772a4f7b5100612e},
	type = {Review},
	publication_stage = {Final},
	source = {Scopus},
	note = {Cited by: 0; All Open Access, Gold Open Access}
}

@ARTICLE{Rajpura2024,
	author = {Rajpura, Param and Cecotti, Hubert and Kumar Meena, Yogesh},
	title = {Explainable artificial intelligence approaches for brain-computer interfaces: a review and design space},
	year = {2024},
	journal = {Journal of Neural Engineering},
	volume = {21},
	number = {4},
	doi = {10.1088/1741-2552/ad6593},
	url = {https://www.scopus.com/inward/record.uri?eid=2-s2.0-85201029589&doi=10.1088%2f1741-2552%2fad6593&partnerID=40&md5=5b0937acc3af82e0ba4995d04f1c4feb},
	type = {Review},
	publication_stage = {Final},
	source = {Scopus},
	note = {Cited by: 1; All Open Access, Green Open Access}
}

@ARTICLE{Zhu2024,
	author = {Zhu, Ronghang and Guo, Dongliang and Qi, Daiqing and Chu, Zhixuan and Yu, Xiang and Li, Sheng},
	title = {A Survey of Trustworthy Representation Learning Across Domains},
	year = {2024},
	journal = {ACM Transactions on Knowledge Discovery from Data},
	volume = {18},
	number = {7},
	doi = {10.1145/3657301},
	url = {https://www.scopus.com/inward/record.uri?eid=2-s2.0-85196755929&doi=10.1145%2f3657301&partnerID=40&md5=934d9bd609ef9a362cac41e8b7e78a66},
	type = {Article},
	publication_stage = {Final},
	source = {Scopus},
	note = {Cited by: 0; All Open Access}
}

@ARTICLE{Serra20246787,
	author = {Serra, Giuseppe and Niepert, Mathias},
	title = {L2XGNN: learning to explain graph neural networks},
	year = {2024},
	journal = {Machine Learning},
	volume = {113},
	number = {9},
	pages = {6787 – 6809},
	doi = {10.1007/s10994-024-06576-1},
	url = {https://www.scopus.com/inward/record.uri?eid=2-s2.0-85198514312&doi=10.1007%2fs10994-024-06576-1&partnerID=40&md5=9b93f6db4af41f5497cf6e8e1012033a},
	type = {Article},
	publication_stage = {Final},
	source = {Scopus},
	note = {Cited by: 0; All Open Access, Hybrid Gold Open Access}
}

@ARTICLE{Pawlicki2024,
	author = {Pawlicki, Marek and Pawlicka, Aleksandra and Uccello, Federica and Szelest, Sebastian and D'Antonio, Salvatore and Kozik, Rafał and Choraś, Michał},
	title = {Evaluating the necessity of the multiple metrics for assessing explainable AI: A critical examination},
	year = {2024},
	journal = {Neurocomputing},
	volume = {602},
	doi = {10.1016/j.neucom.2024.128282},
	url = {https://www.scopus.com/inward/record.uri?eid=2-s2.0-85199956196&doi=10.1016%2fj.neucom.2024.128282&partnerID=40&md5=1aa9221f6d3f71f5612fc8e95649e65a},
	type = {Article},
	publication_stage = {Final},
	source = {Scopus},
	note = {Cited by: 2; All Open Access, Hybrid Gold Open Access}
}

@ARTICLE{Li2024,
	author = {Li, Meng and Sun, Hengyang and Huang, Yanjun and Chen, Hong},
	title = {Shapley value: from cooperative game to explainable artificial intelligence},
	year = {2024},
	journal = {Autonomous Intelligent Systems},
	volume = {4},
	number = {1},
	doi = {10.1007/s43684-023-00060-8},
	url = {https://www.scopus.com/inward/record.uri?eid=2-s2.0-85185008489&doi=10.1007%2fs43684-023-00060-8&partnerID=40&md5=d51e7def0ba41945302898f840172fcb},
	type = {Review},
	publication_stage = {Final},
	source = {Scopus},
	note = {Cited by: 4; All Open Access, Gold Open Access}
}

@ARTICLE{Alateeq2024,
	author = {Alateeq, Majed and Pedrycz, Witold},
	title = {Logic-oriented fuzzy neural networks: A survey},
	year = {2024},
	journal = {Expert Systems with Applications},
	volume = {257},
	doi = {10.1016/j.eswa.2024.125120},
	url = {https://www.scopus.com/inward/record.uri?eid=2-s2.0-85201472035&doi=10.1016%2fj.eswa.2024.125120&partnerID=40&md5=b7ecab0eccad5df08058fe6899a7df8f},
	type = {Review},
	publication_stage = {Final},
	source = {Scopus},
	note = {Cited by: 1; All Open Access, Hybrid Gold Open Access}
}

@ARTICLE{Rodrigues202466,
	author = {Rodrigues, Caroline Mazini and Boutry, Nicolas and Najman, Laurent},
	title = {Transforming gradient-based techniques into interpretable methods},
	year = {2024},
	journal = {Pattern Recognition Letters},
	volume = {184},
	pages = {66 – 73},
	doi = {10.1016/j.patrec.2024.06.006},
	url = {https://www.scopus.com/inward/record.uri?eid=2-s2.0-85196307981&doi=10.1016%2fj.patrec.2024.06.006&partnerID=40&md5=0c22d8ed1a1aba88c0a1ea05781560de},
	type = {Article},
	publication_stage = {Final},
	source = {Scopus},
	note = {Cited by: 0; All Open Access, Green Open Access}
}

@ARTICLE{Wang2024,
	author = {Wang, Zhenwu and Zhou, Yang and Han, Mengjie and Guo, Yinan},
	title = {Interpreting convolutional neural network by joint evaluation of multiple feature maps and an improved NSGA-II algorithm},
	year = {2024},
	journal = {Expert Systems with Applications},
	volume = {255},
	doi = {10.1016/j.eswa.2024.124489},
	url = {https://www.scopus.com/inward/record.uri?eid=2-s2.0-85196977450&doi=10.1016%2fj.eswa.2024.124489&partnerID=40&md5=a6cb81647f9e91e98ad62423f998b7f3},
	type = {Article},
	publication_stage = {Final},
	source = {Scopus},
	note = {Cited by: 1; All Open Access, Hybrid Gold Open Access}
}

@ARTICLE{Kobayashi2024,
	author = {Kobayashi, Kazuma and Takamizawa, Yasuyuki and Miyake, Mototaka and Ito, Sono and Gu, Lin and Nakatsuka, Tatsuya and Akagi, Yu and Harada, Tatsuya and Kanemitsu, Yukihide and Hamamoto, Ryuji},
	title = {Can physician judgment enhance model trustworthiness? A case study on predicting pathological lymph nodes in rectal cancer},
	year = {2024},
	journal = {Artificial Intelligence in Medicine},
	volume = {154},
	doi = {10.1016/j.artmed.2024.102929},
	url = {https://www.scopus.com/inward/record.uri?eid=2-s2.0-85198042984&doi=10.1016%2fj.artmed.2024.102929&partnerID=40&md5=91d6392e9a83968f163b1f97cffe0898},
	type = {Article},
	publication_stage = {Final},
	source = {Scopus},
	note = {Cited by: 1; All Open Access, Hybrid Gold Open Access}
}

@ARTICLE{Mustafa2024,
	author = {Mustafa, Ahmad M. and Agha, Rand and Ghazalat, Lujain and Sha'ban, Tariq},
	title = {Natural disasters detection using explainable deep learning},
	year = {2024},
	journal = {Intelligent Systems with Applications},
	volume = {23},
	doi = {10.1016/j.iswa.2024.200430},
	url = {https://www.scopus.com/inward/record.uri?eid=2-s2.0-85202558589&doi=10.1016%2fj.iswa.2024.200430&partnerID=40&md5=bd2f7142b870cf20e5cec4298d02209f},
	type = {Article},
	publication_stage = {Final},
	source = {Scopus},
	note = {Cited by: 0; All Open Access, Gold Open Access}
}

@ARTICLE{Milani20241,
	author = {Milani, Stephanie and Topin, Nicholay and Veloso, Manuela and Fang, Fei},
	title = {Explainable Reinforcement Learning: A Survey and Comparative Review},
	year = {2024},
	journal = {ACM Computing Surveys},
	volume = {56},
	number = {7},
	pages = {1 – 36},
	doi = {10.1145/3616864},
	url = {https://www.scopus.com/inward/record.uri?eid=2-s2.0-85191059236&doi=10.1145%2f3616864&partnerID=40&md5=a93d094ca8f2fe7f5793dbba85b48c59},
	type = {Article},
	publication_stage = {Final},
	source = {Scopus},
	note = {Cited by: 13; All Open Access, Bronze Open Access}
}

@ARTICLE{Sibilano20243422,
	author = {Sibilano, Elena and Buongiorno, Domenico and Lassi, Michael and Grippo, Antonello and Bessi, Valentina and Sorbi, Sandro and Mazzoni, Alberto and Bevilacqua, Vitoantonio and Brunetti, Antonio},
	title = {Understanding the Role of Self-Attention in a Transformer Model for the Discrimination of SCD from MCI Using Resting-State EEG},
	year = {2024},
	journal = {IEEE Journal of Biomedical and Health Informatics},
	volume = {28},
	number = {6},
	pages = {3422 – 3433},
	doi = {10.1109/JBHI.2024.3390606},
	url = {https://www.scopus.com/inward/record.uri?eid=2-s2.0-85190772662&doi=10.1109%2fJBHI.2024.3390606&partnerID=40&md5=df72fe0a59d1adcb87fb54320dba5eea},
	type = {Article},
	publication_stage = {Final},
	source = {Scopus},
	note = {Cited by: 1; All Open Access, Hybrid Gold Open Access}
}

@ARTICLE{Muñoz2024,
	author = {Muñoz, Sergio and Iglesias, Carlos Á.},
	title = {Exploiting Content Characteristics for Explainable Detection of Fake News},
	year = {2024},
	journal = {Big Data and Cognitive Computing},
	volume = {8},
	number = {10},
	doi = {10.3390/bdcc8100129},
	url = {https://www.scopus.com/inward/record.uri?eid=2-s2.0-85207490787&doi=10.3390%2fbdcc8100129&partnerID=40&md5=6dcfa9af76d54ab914d4e2ebf7a9d7ec},
	type = {Article},
	publication_stage = {Final},
	source = {Scopus},
	note = {Cited by: 0; All Open Access, Gold Open Access}
}

@ARTICLE{Frasca2024,
	author = {Frasca, Maria and La Torre, Davide and Pravettoni, Gabriella and Cutica, Ilaria},
	title = {Explainable and interpretable artificial intelligence in medicine: a systematic bibliometric review},
	year = {2024},
	journal = {Discover Artificial Intelligence},
	volume = {4},
	number = {1},
	doi = {10.1007/s44163-024-00114-7},
	url = {https://www.scopus.com/inward/record.uri?eid=2-s2.0-85190660905&doi=10.1007%2fs44163-024-00114-7&partnerID=40&md5=da7a8c0c7ec767342bccc352f704659c},
	type = {Review},
	publication_stage = {Final},
	source = {Scopus},
	note = {Cited by: 17; All Open Access, Gold Open Access}
}

@ARTICLE{Verma2024,
	author = {Verma, Sahil and Boonsanong, Varich and Hoang, Minh and Hines, Keegan and Dickerson, John and Shah, Chirag},
	title = {Counterfactual Explanations and Algorithmic Recourses for Machine Learning: A Review},
	year = {2024},
	journal = {ACM Computing Surveys},
	volume = {56},
	number = {12},
	doi = {10.1145/3677119},
	url = {https://www.scopus.com/inward/record.uri?eid=2-s2.0-85207370737&doi=10.1145%2f3677119&partnerID=40&md5=6d4df1b916b1cb9178094b5a3ce0a8db},
	type = {Article},
	publication_stage = {Final},
	source = {Scopus},
	note = {Cited by: 2; All Open Access, Green Open Access}
}

@ARTICLE{Tahir2024,
	author = {Tahir, Anas Mohammed and Guo, Li and Ward, Rabab K. and Yu, Xinhui and Rideout, Andrew and Hore, Michael and Wang, Z. Jane},
	title = {Explainable machine learning for assessing upper respiratory tract of racehorses from endoscopy videos},
	year = {2024},
	journal = {Computers in Biology and Medicine},
	volume = {181},
	doi = {10.1016/j.compbiomed.2024.109030},
	url = {https://www.scopus.com/inward/record.uri?eid=2-s2.0-85201595198&doi=10.1016%2fj.compbiomed.2024.109030&partnerID=40&md5=f0eb763f567aa250799d1d53f40f3550},
	type = {Article},
	publication_stage = {Final},
	source = {Scopus},
	note = {Cited by: 0; All Open Access, Hybrid Gold Open Access}
}

@ARTICLE{Kovas2024,
	author = {Kovas, Konstantinos and Hatzilygeroudis, Ioannis},
	title = {ACRES: A framework for (semi)automatic generation of rule-based expert systems with uncertainty from datasets},
	year = {2024},
	journal = {Expert Systems},
	volume = {41},
	number = {12},
	doi = {10.1111/exsy.13723},
	url = {https://www.scopus.com/inward/record.uri?eid=2-s2.0-85203083048&doi=10.1111%2fexsy.13723&partnerID=40&md5=8bc0a77790b4927e1f4291ea1483937a},
	type = {Article},
	publication_stage = {Final},
	source = {Scopus},
	note = {Cited by: 0; All Open Access}
}

@ARTICLE{Zaki2024295,
	author = {Zaki, Nazar and Krishnan, Anusuya and Turaev, Sherzod and Rustamov, Zahiriddin and Rustamov, Jaloliddin and Almusalami, Aisha and Ayyad, Farah and Regasa, Tsion and Iriho, Brice Boris},
	title = {Node embedding approach for accurate detection of fake reviews: a graph-based machine learning approach with explainable AI},
	year = {2024},
	journal = {International Journal of Data Science and Analytics},
	volume = {18},
	number = {3},
	pages = {295 – 315},
	doi = {10.1007/s41060-024-00565-2},
	url = {https://www.scopus.com/inward/record.uri?eid=2-s2.0-85195258878&doi=10.1007%2fs41060-024-00565-2&partnerID=40&md5=2f5df97ad85a44873085345099d3411c},
	type = {Article},
	publication_stage = {Final},
	source = {Scopus},
	note = {Cited by: 1; All Open Access, Green Open Access}
}

@ARTICLE{Liu2024,
	author = {Liu, Jiling and Wu, Yadong and Lin, Zhoujun and Peng, Lijuan and Chu, Qikai and Tang, Yujiao and Zhang, Weihan},
	title = {Visual analytics of an interpretable prediction model for the glass transition temperature of fluoroelastomers},
	year = {2024},
	journal = {Materials Today Communications},
	volume = {40},
	doi = {10.1016/j.mtcomm.2024.110155},
	url = {https://www.scopus.com/inward/record.uri?eid=2-s2.0-85201858921&doi=10.1016%2fj.mtcomm.2024.110155&partnerID=40&md5=fa6e502fceba45c3f3b253a20b31d0c4},
	type = {Article},
	publication_stage = {Final},
	source = {Scopus},
	note = {Cited by: 0; All Open Access, Hybrid Gold Open Access}
}

@ARTICLE{Baaj2024,
	author = {Baaj, Ismaïl and Bouraoui, Zied and Cornuéjols, Antoine and Denœux, Thierry and Destercke, Sébastien and Dubois, Didier and Lesot, Marie-Jeanne and Marques-Silva, João and Mengin, Jérôme and Prade, Henri and Schockaert, Steven and Serrurier, Mathieu and Strauss, Olivier and Vrain, Christel},
	title = {Synergies between machine learning and reasoning - An introduction by the Kay R. Amel group},
	year = {2024},
	journal = {International Journal of Approximate Reasoning},
	volume = {171},
	doi = {10.1016/j.ijar.2024.109206},
	url = {https://www.scopus.com/inward/record.uri?eid=2-s2.0-85194169162&doi=10.1016%2fj.ijar.2024.109206&partnerID=40&md5=16aae00c3eb409feded482ed2807ad52},
	type = {Review},
	publication_stage = {Final},
	source = {Scopus},
	note = {Cited by: 0; All Open Access, Hybrid Gold Open Access}
}@ARTICLE{Manfren2024,
	author = {Manfren, Massimiliano and Gonzalez-Carreon, Karla M. and James, Patrick A. B.},
	title = {Interpretable Data-Driven Methods for Building Energy Modelling—A Review of Critical Connections and Gaps},
	year = {2024},
	journal = {Energies},
	volume = {17},
	number = {4},
	doi = {10.3390/en17040881},
	url = {https://www.scopus.com/inward/record.uri?eid=2-s2.0-85185836861&doi=10.3390%2fen17040881&partnerID=40&md5=1abad477487b5f0d0985196bfabf8210},
	type = {Review},
	publication_stage = {Final},
	source = {Scopus},
	note = {Cited by: 2; All Open Access, Gold Open Access}
}

@ARTICLE{Alateeq2024,
	author = {Alateeq, Majed and Pedrycz, Witold},
	title = {Multi-Context Fuzzy Clustering: Towards Interpretable Fuzzy Clustering},
	year = {2024},
	journal = {IEEE Transactions on Fuzzy Systems},
	doi = {10.1109/TFUZZ.2024.3460075},
	url = {https://www.scopus.com/inward/record.uri?eid=2-s2.0-85204202211&doi=10.1109%2fTFUZZ.2024.3460075&partnerID=40&md5=c3dfb42c3fb27060788ec67d0a73bbed},
	type = {Article},
	publication_stage = {Article in press},
	source = {Scopus},
	note = {Cited by: 0; All Open Access, Hybrid Gold Open Access}
}

@ARTICLE{Lin2024,
	author = {Lin, Ming-Yen and Chi, Hsin-You and Chao, Wen-Cheng},
	title = {Multitask learning to predict successful weaning in critically ill ventilated patients: A retrospective analysis of the MIMIC-IV database},
	year = {2024},
	journal = {Digital Health},
	volume = {10},
	doi = {10.1177/20552076241289732},
	url = {https://www.scopus.com/inward/record.uri?eid=2-s2.0-85207240283&doi=10.1177%2f20552076241289732&partnerID=40&md5=cecf6c124e72927c2568f0df9c934420},
	type = {Article},
	publication_stage = {Final},
	source = {Scopus},
	note = {Cited by: 0; All Open Access, Gold Open Access}
}

@ARTICLE{Hinder2024,
	author = {Hinder, Fabian and Vaquet, Valerie and Hammer, Barbara},
	title = {One or two things we know about concept drift—a survey on monitoring in evolving environments. Part B: locating and explaining concept drift},
	year = {2024},
	journal = {Frontiers in Artificial Intelligence},
	volume = {7},
	doi = {10.3389/frai.2024.1330258},
	url = {https://www.scopus.com/inward/record.uri?eid=2-s2.0-85200333837&doi=10.3389%2ffrai.2024.1330258&partnerID=40&md5=48616a465cccf1c63392a1a1303cebbd},
	type = {Article},
	publication_stage = {Final},
	source = {Scopus},
	note = {Cited by: 0; All Open Access, Green Open Access}
}

@ARTICLE{Liu2024,
	author = {Liu, Diyi and Lim, Hyeonsup and Uddin, Majbah and Liu, Yuandong and Han, Lee D. and Hwang, Ho-ling and Chin, Shih-Miao},
	title = {Improving the accuracy of freight mode choice models: A case study using the 2017 CFS PUF data set and ensemble learning techniques},
	year = {2024},
	journal = {Expert Systems with Applications},
	volume = {240},
	doi = {10.1016/j.eswa.2023.122478},
	url = {https://www.scopus.com/inward/record.uri?eid=2-s2.0-85177757854&doi=10.1016%2fj.eswa.2023.122478&partnerID=40&md5=cdc97cbcccf73cdd1d7acca6160a29ff},
	type = {Article},
	publication_stage = {Final},
	source = {Scopus},
	note = {Cited by: 0; All Open Access, Green Open Access}
}

@ARTICLE{Salih2024,
	author = {Salih, Ahmed M. and Raisi-Estabragh, Zahra and Galazzo, Ilaria Boscolo and Radeva, Petia and Petersen, Steffen E. and Lekadir, Karim and Menegaz, Gloria},
	title = {A Perspective on Explainable Artificial Intelligence Methods: SHAP and LIME},
	year = {2024},
	journal = {Advanced Intelligent Systems},
	doi = {10.1002/aisy.202400304},
	url = {https://www.scopus.com/inward/record.uri?eid=2-s2.0-85197881576&doi=10.1002%2faisy.202400304&partnerID=40&md5=633afca603e86b3a1a0f8f51facdd005},
	type = {Article},
	publication_stage = {Article in press},
	source = {Scopus},
	note = {Cited by: 7; All Open Access, Gold Open Access}
}



@ARTICLE{Ortigossa202480799,
	author = {Ortigossa, Evandro S. and Goncalves, Thales and Nonato, Luis Gustavo},
	title = {EXplainable Artificial Intelligence (XAI) - From Theory to Methods and Applications},
	year = {2024},
	journal = {IEEE Access},
	volume = {12},
	pages = {80799 – 80846},
	doi = {10.1109/ACCESS.2024.3409843},
	url = {https://www.scopus.com/inward/record.uri?eid=2-s2.0-85195383258&doi=10.1109%2fACCESS.2024.3409843&partnerID=40&md5=530fd92cb742e904ff7cad1883e37fa5},
	type = {Article},
	publication_stage = {Final},
	source = {Scopus},
	note = {Cited by: 3; All Open Access, Gold Open Access}
}

@ARTICLE{Ekim2024,
	author = {Ekim, Burak and Schmitt, Michael},
	title = {Deep Occlusion Framework for Multimodal Earth Observation Data},
	year = {2024},
	journal = {IEEE Geoscience and Remote Sensing Letters},
	volume = {21},
	doi = {10.1109/LGRS.2024.3460812},
	url = {https://www.scopus.com/inward/record.uri?eid=2-s2.0-85204478318&doi=10.1109%2fLGRS.2024.3460812&partnerID=40&md5=1f64481c9b5416c639f4a6d365c83e2b},
	type = {Article},
	publication_stage = {Final},
	source = {Scopus},
	note = {Cited by: 0; All Open Access, Hybrid Gold Open Access}
}

@ARTICLE{Alzubaidi2024,
	author = {Alzubaidi, Laith and Chlaib, Hussein Khalefa and Fadhel, Mohammed A. and Chen, Yubo and Bai, Jinshuai and Albahri, A.S. and Gu, Yuantong},
	title = {Reliable deep learning framework for the ground penetrating radar data to locate the horizontal variation in levee soil compaction},
	year = {2024},
	journal = {Engineering Applications of Artificial Intelligence},
	volume = {129},
	doi = {10.1016/j.engappai.2023.107627},
	url = {https://www.scopus.com/inward/record.uri?eid=2-s2.0-85179136453&doi=10.1016%2fj.engappai.2023.107627&partnerID=40&md5=42eae49d6579f811d4657cd96c2ccdfe},
	type = {Article},
	publication_stage = {Final},
	source = {Scopus},
	note = {Cited by: 14; All Open Access, Hybrid Gold Open Access}
}

@ARTICLE{Kopitar2024,
	author = {Kopitar, Leon and Fister, Iztok and Stiglic, Gregor},
	title = {Using Generative AI to Improve the Performance and Interpretability of Rule-Based Diagnosis of Type 2 Diabetes Mellitus},
	year = {2024},
	journal = {Information (Switzerland)},
	volume = {15},
	number = {3},
	doi = {10.3390/info15030162},
	url = {https://www.scopus.com/inward/record.uri?eid=2-s2.0-85188881309&doi=10.3390%2finfo15030162&partnerID=40&md5=7658881e7894ea85de7bf773befedca3},
	type = {Article},
	publication_stage = {Final},
	source = {Scopus},
	note = {Cited by: 0; All Open Access, Gold Open Access}
}

@ARTICLE{Tenepalli20241494,
	author = {Tenepalli, Deepika and Navamani, T.M.},
	title = {Design and Development of an Efficient Explainable AI Framework for Heart Disease Prediction},
	year = {2024},
	journal = {International Journal of Advanced Computer Science and Applications},
	volume = {15},
	number = {6},
	pages = {1494 – 1503},
	doi = {10.14569/IJACSA.2024.01506149},
	url = {https://www.scopus.com/inward/record.uri?eid=2-s2.0-85199716669&doi=10.14569%2fIJACSA.2024.01506149&partnerID=40&md5=6040e29cb14f1ede44a67f2b35fcf22c},
	type = {Article},
	publication_stage = {Final},
	source = {Scopus},
	note = {Cited by: 1; All Open Access, Gold Open Access}
}

@ARTICLE{Christopher2024,
	author = {Christopher, Cody James and Grastien, Alban},
	title = {Critical observations in model-based diagnosis},
	year = {2024},
	journal = {Artificial Intelligence},
	volume = {331},
	doi = {10.1016/j.artint.2024.104116},
	url = {https://www.scopus.com/inward/record.uri?eid=2-s2.0-85189678742&doi=10.1016%2fj.artint.2024.104116&partnerID=40&md5=5394ef4a23c9e30fea921de35a972af5},
	type = {Article},
	publication_stage = {Final},
	source = {Scopus},
	note = {Cited by: 0; All Open Access, Hybrid Gold Open Access}
}

@ARTICLE{Tang2024,
	author = {Tang, Dan and Chen, Jinjing and Ren, Lijuan and Wang, Xie and Li, Daiwei and Zhang, Haiqing},
	title = {Reviewing CAM-Based Deep Explainable Methods in Healthcare},
	year = {2024},
	journal = {Applied Sciences (Switzerland)},
	volume = {14},
	number = {10},
	doi = {10.3390/app14104124},
	url = {https://www.scopus.com/inward/record.uri?eid=2-s2.0-85194152080&doi=10.3390%2fapp14104124&partnerID=40&md5=d3f3e92c55acb50452bde03a0cc5bd06},
	type = {Review},
	publication_stage = {Final},
	source = {Scopus},
	note = {Cited by: 2; All Open Access, Gold Open Access}
}

@ARTICLE{Wang202453277,
	author = {Wang, Alan Q. and Karaman, Batuhan K. and Kim, Heejong and Rosenthal, Jacob and Saluja, Rachit and Young, Sean I. and Sabuncu, Mert R.},
	title = {A Framework for Interpretability in Machine Learning for Medical Imaging},
	year = {2024},
	journal = {IEEE Access},
	volume = {12},
	pages = {53277 – 53292},
	doi = {10.1109/ACCESS.2024.3387702},
	url = {https://www.scopus.com/inward/record.uri?eid=2-s2.0-85190319926&doi=10.1109%2fACCESS.2024.3387702&partnerID=40&md5=965f60305107a7753f239331c29eb65a},
	type = {Article},
	publication_stage = {Final},
	source = {Scopus},
	note = {Cited by: 1; All Open Access, Gold Open Access}
}

@ARTICLE{Berendse2024,
	author = {Berendse, Stijn and Krabbe, Johannes and Klaus, Jonas and Ahmed, Faizan},
	title = {Towards Explainable Machine Learning for Prediction of Disease Progression},
	year = {2024},
	journal = {Applied Artificial Intelligence},
	volume = {38},
	number = {1},
	doi = {10.1080/08839514.2024.2423510},
	url = {https://www.scopus.com/inward/record.uri?eid=2-s2.0-85209591152&doi=10.1080%2f08839514.2024.2423510&partnerID=40&md5=3f7b8339b44a90ce9edd28ad5abe14a9},
	type = {Article},
	publication_stage = {Final},
	source = {Scopus},
	note = {Cited by: 0; All Open Access}
}

@ARTICLE{Lee20241,
	author = {Lee, Eunji and Kim, Sihyeon and Kim, Sundong and Jung, Soyeon and Kim, Heeja and Cha, Meeyoung},
	title = {Explainable Product Classification for Customs},
	year = {2024},
	journal = {ACM Transactions on Intelligent Systems and Technology},
	volume = {15},
	number = {2},
	pages = {1 – 24},
	doi = {10.1145/3635158},
	url = {https://www.scopus.com/inward/record.uri?eid=2-s2.0-85189860944&doi=10.1145%2f3635158&partnerID=40&md5=c6037ec40b9f1a6564efb6c3afea7c29},
	type = {Article},
	publication_stage = {Final},
	source = {Scopus},
	note = {Cited by: 0; All Open Access, Green Open Access}
}

@ARTICLE{Vita2024,
	author = {Vita, Joshua A. and Trinkle, Dallas R.},
	title = {Spline-based neural network interatomic potentials: Blending classical and machine learning models},
	year = {2024},
	journal = {Computational Materials Science},
	volume = {232},
	doi = {10.1016/j.commatsci.2023.112655},
	url = {https://www.scopus.com/inward/record.uri?eid=2-s2.0-85177063706&doi=10.1016%2fj.commatsci.2023.112655&partnerID=40&md5=6dcd280c61e7022c8c672817a886d8f5},
	type = {Article},
	publication_stage = {Final},
	source = {Scopus},
	note = {Cited by: 2; All Open Access, Green Open Access}
}

@ARTICLE{Jiao2024,
	author = {Jiao, Licheng and Wang, Yuhan and Liu, Xu and Li, Lingling and Liu, Fang and Ma, Wenping and Guo, Yuwei and Chen, Puhua and Yang, Shuyuan and Hou, Biao},
	title = {Causal Inference Meets Deep Learning: A Comprehensive Survey},
	year = {2024},
	journal = {Research},
	volume = {7},
	doi = {10.34133/research.0467},
	url = {https://www.scopus.com/inward/record.uri?eid=2-s2.0-85203519430&doi=10.34133%2fresearch.0467&partnerID=40&md5=969fc0f2e88845153b6781d89cb7e06b},
	type = {Review},
	publication_stage = {Final},
	source = {Scopus},
	note = {Cited by: 0; All Open Access, Gold Open Access}
}

@ARTICLE{Idrissi20242721,
	author = {Idrissi, Marouane Il and Bousquet, Nicolas and Gamboa, Fabrice and Iooss, Bertrand and Loubes, Jean-Michel},
	title = {Quantile-constrained Wasserstein projections for robust interpretability of numerical and machine learning models},
	year = {2024},
	journal = {Electronic Journal of Statistics},
	volume = {18},
	number = {2},
	pages = {2721 – 2770},
	doi = {10.1214/24-EJS2268},
	url = {https://www.scopus.com/inward/record.uri?eid=2-s2.0-85201618932&doi=10.1214%2f24-EJS2268&partnerID=40&md5=339c6c29b6da0edf4b3156709fd76bc7},
	type = {Article},
	publication_stage = {Final},
	source = {Scopus},
	note = {Cited by: 0; All Open Access, Gold Open Access}
}



@ARTICLE{Wang20242490,
	author = {Wang, Shen and Qureshi, M. Atif and Miralles-Pechuan, Luis and Huynh-The, Thien and Gadekallu, Thippa Reddy and Liyanage, Madhusanka},
	title = {Explainable AI for 6G Use Cases: Technical Aspects and Research Challenges},
	year = {2024},
	journal = {IEEE Open Journal of the Communications Society},
	volume = {5},
	pages = {2490 – 2540},
	doi = {10.1109/OJCOMS.2024.3386872},
	url = {https://www.scopus.com/inward/record.uri?eid=2-s2.0-85190746492&doi=10.1109%2fOJCOMS.2024.3386872&partnerID=40&md5=85c57ecaa8695055dc6e377d1385c6a1},
	type = {Article},
	publication_stage = {Final},
	source = {Scopus},
	note = {Cited by: 4; All Open Access, Gold Open Access}
}

@ARTICLE{Meiser2024,
	author = {Meiser, Michael and Zinnikus, Ingo},
	title = {A Survey on the Use of Synthetic Data for Enhancing Key Aspects of Trustworthy AI in the Energy Domain: Challenges and Opportunities},
	year = {2024},
	journal = {Energies},
	volume = {17},
	number = {9},
	doi = {10.3390/en17091992},
	url = {https://www.scopus.com/inward/record.uri?eid=2-s2.0-85192704986&doi=10.3390%2fen17091992&partnerID=40&md5=9de87d22622efdbeb33af37c2d1e74f4},
	type = {Review},
	publication_stage = {Final},
	source = {Scopus},
	note = {Cited by: 0; All Open Access, Gold Open Access}
}

@ARTICLE{Vadillo2024,
	author = {Vadillo, Jon and Santana, Roberto and Lozano, Jose A.},
	title = {Adversarial Attacks in Explainable Machine Learning: A Survey of Threats Against Models and Humans},
	year = {2024},
	journal = {Wiley Interdisciplinary Reviews: Data Mining and Knowledge Discovery},
	doi = {10.1002/widm.1567},
	url = {https://www.scopus.com/inward/record.uri?eid=2-s2.0-85207970000&doi=10.1002%2fwidm.1567&partnerID=40&md5=17beef3afe944cc2bc63503a8d128793},
	type = {Review},
	publication_stage = {Article in press},
	source = {Scopus},
	note = {Cited by: 0; All Open Access}
}

@ARTICLE{Rasbach2024,
	author = {Rasbach, Lauritz and Caliskan, Aylin and Saderi, Fatemeh and Dandekar, Thomas and Breitenbach, Tim},
	title = {An orchestra of machine learning methods reveals landmarks in single-cell data exemplified with aging fibroblasts},
	year = {2024},
	journal = {PLoS ONE},
	volume = {19},
	number = {4 April},
	doi = {10.1371/journal.pone.0302045},
	url = {https://www.scopus.com/inward/record.uri?eid=2-s2.0-85190837918&doi=10.1371%2fjournal.pone.0302045&partnerID=40&md5=96007aea7a2376c3e5aaf8058ceecc30},
	type = {Article},
	publication_stage = {Final},
	source = {Scopus},
	note = {Cited by: 1; All Open Access, Gold Open Access}
}

@ARTICLE{Čolić2024,
	author = {Čolić, Nevena and Milošević, Pavle and Dragović, Ivana and Ćeranić, Miljan S.},
	title = {IBA-VNS: A Logic-Based Machine Learning Algorithm and Its Application in Surgery},
	year = {2024},
	journal = {Mathematics},
	volume = {12},
	number = {7},
	doi = {10.3390/math12070950},
	url = {https://www.scopus.com/inward/record.uri?eid=2-s2.0-85190270021&doi=10.3390%2fmath12070950&partnerID=40&md5=bbdad0f3617da80afefc8fa9bbe1fb09},
	type = {Article},
	publication_stage = {Final},
	source = {Scopus},
	note = {Cited by: 0; All Open Access, Gold Open Access}
}

@ARTICLE{Xiao20244703,
	author = {Xiao, Peng and Zhong, Qi and Chen, Jingxue and Wu, Dongyuan and Qin, Zhen and Zhou, Erqiang},
	title = {CrossLinkNet: An Explainable and Trustworthy AI Framework for Whole-Slide Images Segmentation},
	year = {2024},
	journal = {Computers, Materials and Continua},
	volume = {79},
	number = {3},
	pages = {4703 – 4724},
	doi = {10.32604/cmc.2024.049791},
	url = {https://www.scopus.com/inward/record.uri?eid=2-s2.0-85199165200&doi=10.32604%2fcmc.2024.049791&partnerID=40&md5=cdffb22a4535caae83094dd05d2180f1},
	type = {Article},
	publication_stage = {Final},
	source = {Scopus},
	note = {Cited by: 0; All Open Access, Gold Open Access}
}

@ARTICLE{Hu20241579,
	author = {Hu, Site and Horii, Takato and Nagai, Takayuki},
	title = {Adaptive and transparent decision-making in autonomous robots through graph-structured world models},
	year = {2024},
	journal = {Advanced Robotics},
	volume = {38},
	number = {22},
	pages = {1579 – 1599},
	doi = {10.1080/01691864.2024.2415995},
	url = {https://www.scopus.com/inward/record.uri?eid=2-s2.0-85206922708&doi=10.1080%2f01691864.2024.2415995&partnerID=40&md5=7fa174b694b2914dd6e6353c677e0fc9},
	type = {Article},
	publication_stage = {Final},
	source = {Scopus},
	note = {Cited by: 0; All Open Access}
}

@ARTICLE{Bonasera2024,
	author = {Bonasera, Lorenzo and Gualandi, Stefano},
	title = {Optimal shapelets tree for time series interpretable classification},
	year = {2024},
	journal = {EURO Journal on Computational Optimization},
	volume = {12},
	doi = {10.1016/j.ejco.2024.100091},
	url = {https://www.scopus.com/inward/record.uri?eid=2-s2.0-85194574133&doi=10.1016%2fj.ejco.2024.100091&partnerID=40&md5=2f9b9f914814a8412e3e6c347a1ca219},
	type = {Article},
	publication_stage = {Final},
	source = {Scopus},
	note = {Cited by: 1; All Open Access, Gold Open Access}
}

@ARTICLE{Smirnov2024156609,
	author = {Smirnov, Alexander and Ponomarev, Andrew and Agafonov, Anton},
	title = {Ontology-Based Neuro-Symbolic AI: Effects on Prediction Quality and Explainability},
	year = {2024},
	journal = {IEEE Access},
	volume = {12},
	pages = {156609 – 156626},
	doi = {10.1109/ACCESS.2024.3485185},
	url = {https://www.scopus.com/inward/record.uri?eid=2-s2.0-85207390018&doi=10.1109%2fACCESS.2024.3485185&partnerID=40&md5=7d2863973b76afa360e64f05ac58e2bd},
	type = {Article},
	publication_stage = {Final},
	source = {Scopus},
	note = {Cited by: 0; All Open Access, Gold Open Access}
}

@ARTICLE{Nalenz20243379,
	author = {Nalenz, Malte and Rodemann, Julian and Augustin, Thomas},
	title = {Learning de-biased regression trees and forests from complex samples},
	year = {2024},
	journal = {Machine Learning},
	volume = {113},
	number = {6},
	pages = {3379 – 3398},
	doi = {10.1007/s10994-023-06439-1},
	url = {https://www.scopus.com/inward/record.uri?eid=2-s2.0-85181709613&doi=10.1007%2fs10994-023-06439-1&partnerID=40&md5=adbea7da1c5ddba8fa0f894435e105b8},
	type = {Article},
	publication_stage = {Final},
	source = {Scopus},
	note = {Cited by: 1; All Open Access, Hybrid Gold Open Access}
}

@ARTICLE{Taiwo202435,
	author = {Taiwo, Gbadegesin Adetayo and Saraee, Muhamad and Fatai, Jimoh},
	title = {Crime Prediction Using Twitter Sentiments and Crime Data},
	year = {2024},
	journal = {Informatica (Slovenia)},
	volume = {48},
	number = {6},
	pages = {35 – 42},
	doi = {10.31449/inf.v48i6.4749},
	url = {https://www.scopus.com/inward/record.uri?eid=2-s2.0-85191388890&doi=10.31449%2finf.v48i6.4749&partnerID=40&md5=6764472e1d8e6eeacf2b16d9a9756c67},
	type = {Article},
	publication_stage = {Final},
	source = {Scopus},
	note = {Cited by: 3; All Open Access, Gold Open Access}
}

@ARTICLE{Przybył2024,
	author = {Przybył, Krzysztof},
	title = {Explainable AI: Machine Learning Interpretation in Blackcurrant Powders},
	year = {2024},
	journal = {Sensors},
	volume = {24},
	number = {10},
	doi = {10.3390/s24103198},
	url = {https://www.scopus.com/inward/record.uri?eid=2-s2.0-85194218599&doi=10.3390%2fs24103198&partnerID=40&md5=ee012afbf18d9fc489df91bd17ac05f7},
	type = {Article},
	publication_stage = {Final},
	source = {Scopus},
	note = {Cited by: 0; All Open Access, Gold Open Access}
}

@ARTICLE{Zhou2024,
	author = {Zhou, Ryan and Bacardit, Jaume and Brownlee, Alexander E. I. and Cagnoni, Stefano and Fyvie, Martin and Iacca, Giovanni and Mccall, John and Van Stein, Niki and Walker, David J. and Hu, Ting},
	title = {Evolutionary Computation and Explainable AI: A Roadmap to Understandable Intelligent Systems},
	year = {2024},
	journal = {IEEE Transactions on Evolutionary Computation},
	doi = {10.1109/TEVC.2024.3476443},
	url = {https://www.scopus.com/inward/record.uri?eid=2-s2.0-85207403202&doi=10.1109%2fTEVC.2024.3476443&partnerID=40&md5=80c0b8bf0e47640140d91b4fc9cd1d22},
	type = {Article},
	publication_stage = {Article in press},
	source = {Scopus},
	note = {Cited by: 0; All Open Access, Green Open Access}
}

@ARTICLE{Sun2024,
	author = {Sun, Changqi and Xu, Hao and Chen, Yuntian and Zhang, Dongxiao},
	title = {AS-XAI: Self-Supervised Automatic Semantic Interpretation for CNN},
	year = {2024},
	journal = {Advanced Intelligent Systems},
	doi = {10.1002/aisy.202400359},
	url = {https://www.scopus.com/inward/record.uri?eid=2-s2.0-85205229375&doi=10.1002%2faisy.202400359&partnerID=40&md5=ced547c30ce512aa5ccd9e92669448b2},
	type = {Article},
	publication_stage = {Article in press},
	source = {Scopus},
	note = {Cited by: 0; All Open Access, Gold Open Access}
}

@ARTICLE{Louta202498492,
	author = {Louta, Malamati and Banti, Konstantina and Karampelia, Ioanna},
	title = {Emerging Technologies for Sustainable Agriculture: The Power of Humans and the Way Ahead},
	year = {2024},
	journal = {IEEE Access},
	volume = {12},
	pages = {98492 – 98529},
	doi = {10.1109/ACCESS.2024.3428401},
	url = {https://www.scopus.com/inward/record.uri?eid=2-s2.0-85199768604&doi=10.1109%2fACCESS.2024.3428401&partnerID=40&md5=548265a655323363147bae98db4ae001},
	type = {Article},
	publication_stage = {Final},
	source = {Scopus},
	note = {Cited by: 0; All Open Access, Gold Open Access}
}

@ARTICLE{Kala202464633,
	author = {Kala, Srikant Manas and Mishra, Malvika and Sathya, Vanlin and Amano, Tatsuya and Ghosh, Monisha and Higashino, Teruo and Yamaguchi, Hirozumi},
	title = {Cellular Operator Data Meets Counterfactual Machine Learning},
	year = {2024},
	journal = {IEEE Access},
	volume = {12},
	pages = {64633 – 64653},
	doi = {10.1109/ACCESS.2024.3394312},
	url = {https://www.scopus.com/inward/record.uri?eid=2-s2.0-85191886535&doi=10.1109%2fACCESS.2024.3394312&partnerID=40&md5=c40117aa96b946c0416c48824fa48353},
	type = {Article},
	publication_stage = {Final},
	source = {Scopus},
	note = {Cited by: 1; All Open Access, Gold Open Access}
}

@ARTICLE{Tariq20244920,
	author = {Tariq, Asadullah and Serhani, Mohamed Adel and Sallabi, Farag M. and Barka, Ezedin S. and Qayyum, Tariq and Khater, Heba M. and Shuaib, Khaled A.},
	title = {Trustworthy Federated Learning: A Comprehensive Review, Architecture, Key Challenges, and Future Research Prospects},
	year = {2024},
	journal = {IEEE Open Journal of the Communications Society},
	volume = {5},
	pages = {4920 – 4998},
	doi = {10.1109/OJCOMS.2024.3438264},
	url = {https://www.scopus.com/inward/record.uri?eid=2-s2.0-85200799674&doi=10.1109%2fOJCOMS.2024.3438264&partnerID=40&md5=d5b1b363b51ad775a818c4ac9da0c7d1},
	type = {Review},
	publication_stage = {Final},
	source = {Scopus},
	note = {Cited by: 0; All Open Access}
}

@ARTICLE{Zhang20243983,
	author = {Zhang, Linli and Karakasidis, Georgios and Odnoblyudova, Arina and Dogruel, Leyla and Tian, Yu and Jung, Alex},
	title = {Explainable empirical risk minimization},
	year = {2024},
	journal = {Neural Computing and Applications},
	volume = {36},
	number = {8},
	pages = {3983 – 3996},
	doi = {10.1007/s00521-023-09269-3},
	url = {https://www.scopus.com/inward/record.uri?eid=2-s2.0-85178895312&doi=10.1007%2fs00521-023-09269-3&partnerID=40&md5=84d6d99f7c8c8f8d8830554645a61545},
	type = {Article},
	publication_stage = {Final},
	source = {Scopus},
	note = {Cited by: 1; All Open Access, Hybrid Gold Open Access}
}

@ARTICLE{Hooshyar2024137472,
	author = {Hooshyar, Danial and Yang, Yeongwook},
	title = {Problems With SHAP and LIME in Interpretable AI for Education: A Comparative Study of Post-Hoc Explanations and Neural-Symbolic Rule Extraction},
	year = {2024},
	journal = {IEEE Access},
	volume = {12},
	pages = {137472 – 137490},
	doi = {10.1109/ACCESS.2024.3463948},
	url = {https://www.scopus.com/inward/record.uri?eid=2-s2.0-85204708260&doi=10.1109%2fACCESS.2024.3463948&partnerID=40&md5=157013da5f4b6cc1ac69794fdfa5e2e4},
	type = {Article},
	publication_stage = {Final},
	source = {Scopus},
	note = {Cited by: 0; All Open Access, Gold Open Access}
}

@ARTICLE{Sharma20241345,
	author = {Sharma, Jeetesh and Mittal, Murari Lal and Soni, Gunjan},
	title = {Condition-based maintenance using machine learning and role of interpretability: a review},
	year = {2024},
	journal = {International Journal of System Assurance Engineering and Management},
	volume = {15},
	number = {4},
	pages = {1345 – 1360},
	doi = {10.1007/s13198-022-01843-7},
	url = {https://www.scopus.com/inward/record.uri?eid=2-s2.0-85144416336&doi=10.1007%2fs13198-022-01843-7&partnerID=40&md5=1026ddbd13b47a865c6d11e0e8ea7a0e},
	type = {Review},
	publication_stage = {Final},
	source = {Scopus},
	note = {Cited by: 9; All Open Access, Bronze Open Access}
}

@ARTICLE{Ghasemieh2024,
	author = {Ghasemieh, Alireza and Kashef, Rasha},
	title = {Towards explainable artificial intelligence in deep vision-based odometry},
	year = {2024},
	journal = {Computers and Electrical Engineering},
	volume = {115},
	doi = {10.1016/j.compeleceng.2024.109127},
	url = {https://www.scopus.com/inward/record.uri?eid=2-s2.0-85185315371&doi=10.1016%2fj.compeleceng.2024.109127&partnerID=40&md5=a3dab743494bf132713d2e2782cafe8e},
	type = {Article},
	publication_stage = {Final},
	source = {Scopus},
	note = {Cited by: 2; All Open Access, Hybrid Gold Open Access}
}

@ARTICLE{Dehghan2024,
	author = {Dehghan, Ashkan and Siuta, Kinga and Skorupka, Agata and Betlen, Andrei and Miller, David and Kamiński, Bogumił and Prałat, Paweł},
	title = {Unsupervised framework for evaluating and explaining structural node embeddings of graphs},
	year = {2024},
	journal = {Journal of Complex Networks},
	volume = {12},
	number = {2},
	doi = {10.1093/comnet/cnae003},
	url = {https://www.scopus.com/inward/record.uri?eid=2-s2.0-85185844726&doi=10.1093%2fcomnet%2fcnae003&partnerID=40&md5=a856c369ea715f68db3484cd444c8410},
	type = {Article},
	publication_stage = {Final},
	source = {Scopus},
	note = {Cited by: 0; All Open Access, Green Open Access}
}

@ARTICLE{Kim2024,
	author = {Kim, Jenia and Maathuis, Henry and Sent, Danielle},
	title = {Human-centered evaluation of explainable AI applications: a systematic review},
	year = {2024},
	journal = {Frontiers in Artificial Intelligence},
	volume = {7},
	doi = {10.3389/frai.2024.1456486},
	url = {https://www.scopus.com/inward/record.uri?eid=2-s2.0-85208614239&doi=10.3389%2ffrai.2024.1456486&partnerID=40&md5=629df64ed00aab51cceabc1b70d117ac},
	type = {Review},
	publication_stage = {Final},
	source = {Scopus},
	note = {Cited by: 0; All Open Access, Gold Open Access}
}

@ARTICLE{Wang20241,
	author = {Wang, Xiaojie and Wang, Beibei and Wu, Yu and Ning, Zhaolong and Guo, Song and Yu, Fei Richard},
	title = {A Survey on Trustworthy Edge Intelligence: From Security and Reliability To Transparency and Sustainability},
	year = {2024},
	journal = {IEEE Communications Surveys and Tutorials},
	pages = {1–1},
	doi = {10.1109/COMST.2024.3446585},
	url = {https://www.scopus.com/inward/record.uri?eid=2-s2.0-85201745101&doi=10.1109%2fCOMST.2024.3446585&partnerID=40&md5=4c7d5078033d753fa8b4dbdfd9775cc3},
	type = {Article},
	publication_stage = {Article in press},
	source = {Scopus},
	note = {Cited by: 1; All Open Access, Green Open Access}
}

@ARTICLE{Allen202497,
	author = {Allen, Genevera I. and Gan, Luqin and Zheng, Lili},
	title = {Interpretable Machine Learning for Discovery: Statistical Challenges and Opportunities},
	year = {2024},
	journal = {Annual Review of Statistics and Its Application},
	volume = {11},
	number = {1},
	pages = {97 – 121},
	doi = {10.1146/annurev-statistics-040120-030919},
	url = {https://www.scopus.com/inward/record.uri?eid=2-s2.0-85187716279&doi=10.1146%2fannurev-statistics-040120-030919&partnerID=40&md5=edb54e33addebfba83bbd5b35a94579e},
	type = {Review},
	publication_stage = {Final},
	source = {Scopus},
	note = {Cited by: 8; All Open Access, Hybrid Gold Open Access}
}

@ARTICLE{Chaudhary202493,
	author = {Chaudhary, Gyandeep},
	title = {UNVEILING THE BLACK BOX: BRINGING ALGORITHMIC TRANSPARENCY TO AI},
	year = {2024},
	journal = {Masaryk University Journal of Law and Technology},
	volume = {18},
	number = {1},
	pages = {93 – 122},
	doi = {10.5817/MUJLT2024-1-4},
	url = {https://www.scopus.com/inward/record.uri?eid=2-s2.0-85198094168&doi=10.5817%2fMUJLT2024-1-4&partnerID=40&md5=3c43c7062fbab0100083cffc6b16a2c7},
	type = {Article},
	publication_stage = {Final},
	source = {Scopus},
	note = {Cited by: 0; All Open Access, Gold Open Access}
}



@ARTICLE{Wu2024,
	author = {Wu, Jinrong and Nguyen, Su and Alahakoon, Damminda and De Silva, Daswin and Mills, Nishan and Rathnayaka, Prabod and Moraliyage, Harsha and Jennings, Andrew},
	title = {A Comparative Analysis of Machine Learning-Based Energy Baseline Models across Multiple Building Types},
	year = {2024},
	journal = {Energies},
	volume = {17},
	number = {6},
	doi = {10.3390/en17061285},
	url = {https://www.scopus.com/inward/record.uri?eid=2-s2.0-85188675608&doi=10.3390%2fen17061285&partnerID=40&md5=91f56a35a4110a00c013468b7d335a90},
	type = {Review},
	publication_stage = {Final},
	source = {Scopus},
	note = {Cited by: 2; All Open Access, Gold Open Access}
}

@ARTICLE{Cummins202457574,
	author = {Cummins, Logan and Sommers, Alexander and Ramezani, Somayeh Bakhtiari and Mittal, Sudip and Jabour, Joseph and Seale, Maria and Rahimi, Shahram},
	title = {Explainable Predictive Maintenance: A Survey of Current Methods, Challenges and Opportunities},
	year = {2024},
	journal = {IEEE Access},
	volume = {12},
	pages = {57574 – 57602},
	doi = {10.1109/ACCESS.2024.3391130},
	url = {https://www.scopus.com/inward/record.uri?eid=2-s2.0-85190784162&doi=10.1109%2fACCESS.2024.3391130&partnerID=40&md5=03722eb7c193f02d2d92b979b5316660},
	type = {Article},
	publication_stage = {Final},
	source = {Scopus},
	note = {Cited by: 4; All Open Access, Gold Open Access}
}

@ARTICLE{Tang20247363,
	author = {Tang, Haoteng and Ma, Guixiang and Guo, Lei and Fu, Xiyao and Huang, Heng and Zhan, Liang},
	title = {Contrastive Brain Network Learning via Hierarchical Signed Graph Pooling Model},
	year = {2024},
	journal = {IEEE Transactions on Neural Networks and Learning Systems},
	volume = {35},
	number = {6},
	pages = {7363 – 7375},
	doi = {10.1109/TNNLS.2022.3220220},
	url = {https://www.scopus.com/inward/record.uri?eid=2-s2.0-85142775475&doi=10.1109%2fTNNLS.2022.3220220&partnerID=40&md5=883b6510b25ac443d5ab5765d8712768},
	type = {Article},
	publication_stage = {Final},
	source = {Scopus},
	note = {Cited by: 15; All Open Access, Green Open Access}
}

@ARTICLE{Ashraf2024,
	author = {Ashraf, Waqar Muhammad and Dua, Vivek},
	title = {Partial derivative-based dynamic sensitivity analysis expression for non-linear auto regressive with exogenous (NARX) model[sbnd]case studies on distillation columns and model's interpretation investigation},
	year = {2024},
	journal = {Chemical Engineering Journal Advances},
	volume = {18},
	doi = {10.1016/j.ceja.2024.100605},
	url = {https://www.scopus.com/inward/record.uri?eid=2-s2.0-85189878392&doi=10.1016%2fj.ceja.2024.100605&partnerID=40&md5=675ee14f01c28fb1fc475a7010510142},
	type = {Article},
	publication_stage = {Final},
	source = {Scopus},
	note = {Cited by: 2; All Open Access, Gold Open Access}
}

@ARTICLE{Zhang202497,
	author = {Zhang, He and Wu, Bang and Yuan, Xingliang and Pan, Shirui and Tong, Hanghang and Pei, Jian},
	title = {Trustworthy Graph Neural Networks: Aspects, Methods, and Trends},
	year = {2024},
	journal = {Proceedings of the IEEE},
	volume = {112},
	number = {2},
	pages = {97 – 139},
	doi = {10.1109/JPROC.2024.3369017},
	url = {https://www.scopus.com/inward/record.uri?eid=2-s2.0-85188959815&doi=10.1109%2fJPROC.2024.3369017&partnerID=40&md5=b7ef8e2629086fa85f8ef8f8c39a7913},
	type = {Article},
	publication_stage = {Final},
	source = {Scopus},
	note = {Cited by: 13; All Open Access, Green Open Access}
}

@ARTICLE{Khan2024157854,
	author = {Khan, Sana Z. and Dhou, Salam and Al-Ali, A.R.},
	title = {Machine Learning Based Palm Farming: Harvesting and Disease Identification},
	year = {2024},
	journal = {IEEE Access},
	volume = {12},
	pages = {157854 – 157871},
	doi = {10.1109/ACCESS.2024.3484943},
	url = {https://www.scopus.com/inward/record.uri?eid=2-s2.0-85207407284&doi=10.1109%2fACCESS.2024.3484943&partnerID=40&md5=722976dd980a9a66662ceac1b9b42963},
	type = {Article},
	publication_stage = {Final},
	source = {Scopus},
	note = {Cited by: 0; All Open Access, Gold Open Access}
}

@ARTICLE{Soulos2024,
	author = {Soulos, Paul and Isik, Leyla},
	title = {Disentangled deep generative models reveal coding principles of the human face processing network},
	year = {2024},
	journal = {PLoS Computational Biology},
	volume = {20},
	number = {2 February},
	doi = {10.1371/journal.pcbi.1011887},
	url = {https://www.scopus.com/inward/record.uri?eid=2-s2.0-85187203798&doi=10.1371%2fjournal.pcbi.1011887&partnerID=40&md5=a0ac4c8f840d9e6c4bc61e898792b979},
	type = {Article},
	publication_stage = {Final},
	source = {Scopus},
	note = {Cited by: 0; All Open Access, Gold Open Access}
}

@ARTICLE{Sutiene2024,
	author = {Sutiene, Kristina and Schwendner, Peter and Sipos, Ciprian and Lorenzo, Luis and Mirchev, Miroslav and Lameski, Petre and Kabasinskas, Audrius and Tidjani, Chemseddine and Ozturkkal, Belma and Cerneviciene, Jurgita},
	title = {Enhancing portfolio management using artificial intelligence: literature review},
	year = {2024},
	journal = {Frontiers in Artificial Intelligence},
	volume = {7},
	doi = {10.3389/frai.2024.1371502},
	url = {https://www.scopus.com/inward/record.uri?eid=2-s2.0-85191084573&doi=10.3389%2ffrai.2024.1371502&partnerID=40&md5=1a823dd4e8b5df55db276dc3711ac8c6},
	type = {Review},
	publication_stage = {Final},
	source = {Scopus},
	note = {Cited by: 0; All Open Access, Gold Open Access}
}

@ARTICLE{Marton20243633,
	author = {Marton, Sascha and Lüdtke, Stefan and Bartelt, Christian and Tschalzev, Andrej and Stuckenschmidt, Heiner},
	title = {Explaining neural networks without access to training data},
	year = {2024},
	journal = {Machine Learning},
	volume = {113},
	number = {6},
	pages = {3633 – 3652},
	doi = {10.1007/s10994-023-06428-4},
	url = {https://www.scopus.com/inward/record.uri?eid=2-s2.0-85182250540&doi=10.1007%2fs10994-023-06428-4&partnerID=40&md5=cbc88cca8361bbd35a85cc6dc59ffc42},
	type = {Article},
	publication_stage = {Final},
	source = {Scopus},
	note = {Cited by: 1; All Open Access, Hybrid Gold Open Access}
}

@ARTICLE{Baur2024,
	author = {Baur, Lukas and Ditschuneit, Konstantin and Schambach, Maximilian and Kaymakci, Can and Wollmann, Thomas and Sauer, Alexander},
	title = {Explainability and Interpretability in Electric Load Forecasting Using Machine Learning Techniques – A Review},
	year = {2024},
	journal = {Energy and AI},
	volume = {16},
	doi = {10.1016/j.egyai.2024.100358},
	url = {https://www.scopus.com/inward/record.uri?eid=2-s2.0-85187960573&doi=10.1016%2fj.egyai.2024.100358&partnerID=40&md5=cd319556c0ecd5a5604e787e6b61d4b4},
	type = {Review},
	publication_stage = {Final},
	source = {Scopus},
	note = {Cited by: 10; All Open Access, Gold Open Access}
}

@ARTICLE{Lambert2024,
	author = {Lambert, Benjamin and Forbes, Florence and Doyle, Senan and Dehaene, Harmonie and Dojat, Michel},
	title = {Trustworthy clinical AI solutions: A unified review of uncertainty quantification in Deep Learning models for medical image analysis},
	year = {2024},
	journal = {Artificial Intelligence in Medicine},
	volume = {150},
	doi = {10.1016/j.artmed.2024.102830},
	url = {https://www.scopus.com/inward/record.uri?eid=2-s2.0-85186961970&doi=10.1016%2fj.artmed.2024.102830&partnerID=40&md5=214d329934c401855534c936c4aa8a5a},
	type = {Review},
	publication_stage = {Final},
	source = {Scopus},
	note = {Cited by: 12; All Open Access, Hybrid Gold Open Access}
}

@ARTICLE{Rahman20242501,
	author = {Rahman, Md Mahfuzur and Chowdhury, Md Solaiman and Shorfuzzaman, Mohammad and Karim, Lutful and Shafiullah, Md and Azzedin, Farag},
	title = {Enhancing Septic Shock Detection through Interpretable Machine Learning},
	year = {2024},
	journal = {CMES - Computer Modeling in Engineering and Sciences},
	volume = {141},
	number = {3},
	pages = {2501 – 2525},
	doi = {10.32604/cmes.2024.055065},
	url = {https://www.scopus.com/inward/record.uri?eid=2-s2.0-85208287679&doi=10.32604%2fcmes.2024.055065&partnerID=40&md5=10bf69574b1b9e5127d578b95db4eb92},
	type = {Article},
	publication_stage = {Final},
	source = {Scopus},
	note = {Cited by: 0; All Open Access, Gold Open Access}
}

@ARTICLE{Patrício2024,
	author = {Patrício, Cristiano and Neves, João C. and Teixeira, Luís F.},
	title = {Explainable Deep Learning Methods in Medical Image Classification: A Survey},
	year = {2024},
	journal = {ACM Computing Surveys},
	volume = {56},
	number = {4},
	doi = {10.1145/3625287},
	url = {https://www.scopus.com/inward/record.uri?eid=2-s2.0-85179123995&doi=10.1145%2f3625287&partnerID=40&md5=2162e35b52a9e75b12e16a9ef2044a0a},
	type = {Article},
	publication_stage = {Final},
	source = {Scopus},
	note = {Cited by: 16; All Open Access, Hybrid Gold Open Access}
}

@ARTICLE{Lozano-Murcia2024,
	author = {Lozano-Murcia, Catalina and Romero, Francisco P. and Serrano-Guerrero, Jesus and Peralta, Arturo and Olivas, Jose A.},
	title = {Potential Applications of Explainable Artificial Intelligence to Actuarial Problems},
	year = {2024},
	journal = {Mathematics},
	volume = {12},
	number = {5},
	doi = {10.3390/math12050635},
	url = {https://www.scopus.com/inward/record.uri?eid=2-s2.0-85187430168&doi=10.3390%2fmath12050635&partnerID=40&md5=d3b11e4b9af2acda983b9f1296ba20b7},
	type = {Review},
	publication_stage = {Final},
	source = {Scopus},
	note = {Cited by: 1; All Open Access, Gold Open Access}
}

@ARTICLE{Brożek2024427,
	author = {Brożek, Bartosz and Furman, Michał and Jakubiec, Marek and Kucharzyk, Bartłomiej},
	title = {The black box problem revisited. Real and imaginary challenges for automated legal decision making},
	year = {2024},
	journal = {Artificial Intelligence and Law},
	volume = {32},
	number = {2},
	pages = {427 – 440},
	doi = {10.1007/s10506-023-09356-9},
	url = {https://www.scopus.com/inward/record.uri?eid=2-s2.0-85151500402&doi=10.1007%2fs10506-023-09356-9&partnerID=40&md5=e934302a2d9a5a4210c335521fc16e07},
	type = {Article},
	publication_stage = {Final},
	source = {Scopus},
	note = {Cited by: 15; All Open Access, Hybrid Gold Open Access}
}

@ARTICLE{Kassem2024,
	author = {Kassem, Karim and Sperti, Michela and Cavallo, Andrea and Vergani, Andrea Mario and Fassino, Davide and Moz, Monica and Liscio, Alessandro and Banali, Riccardo and Dahlweid, Michael and Benetti, Luciano and Bruno, Francesco and Gallone, Guglielmo and De Filippo, Ovidio and Iannaccone, Mario and D'Ascenzo, Fabrizio and De Ferrari, Gaetano Maria and Morbiducci, Umberto and Della Valle, Emanuele and Deriu, Marco Agostino},
	title = {An innovative artificial intelligence-based method to compress complex models into explainable, model-agnostic and reduced decision support systems with application to healthcare (NEAR)},
	year = {2024},
	journal = {Artificial Intelligence in Medicine},
	volume = {151},
	doi = {10.1016/j.artmed.2024.102841},
	url = {https://www.scopus.com/inward/record.uri?eid=2-s2.0-85188452042&doi=10.1016%2fj.artmed.2024.102841&partnerID=40&md5=e9968c8f2666548a95adffa87c2f062a},
	type = {Article},
	publication_stage = {Final},
	source = {Scopus},
	note = {Cited by: 0; All Open Access, Hybrid Gold Open Access}
}

@ARTICLE{Singhal2024401,
	author = {Singhal, Amit and Agrawal, Krishna Kant and Quezada, Angeles and Aguiñaga, Adrian Rodriguez and Jiménez, Samantha and Yadav, Satya Prakash},
	title = {Explainable Artificial Intelligence (XAI) Model for Cancer Image Classification},
	year = {2024},
	journal = {CMES - Computer Modeling in Engineering and Sciences},
	volume = {141},
	number = {1},
	pages = {401 – 441},
	doi = {10.32604/cmes.2024.051363},
	url = {https://www.scopus.com/inward/record.uri?eid=2-s2.0-85201718353&doi=10.32604%2fcmes.2024.051363&partnerID=40&md5=dc435fcd811c1977f2a1b81c62c653ff},
	type = {Article},
	publication_stage = {Final},
	source = {Scopus},
	note = {Cited by: 0; All Open Access, Gold Open Access}
}

@ARTICLE{Hashmi2024,
	author = {Hashmi, Ehtesham and Yayilgan, Sule Yildirim},
	title = {A robust hybrid approach with product context-aware learning and explainable AI for sentiment analysis in Amazon user reviews},
	year = {2024},
	journal = {Electronic Commerce Research},
	doi = {10.1007/s10660-024-09896-5},
	url = {https://www.scopus.com/inward/record.uri?eid=2-s2.0-85202758001&doi=10.1007%2fs10660-024-09896-5&partnerID=40&md5=08275a36be02771ebf5b97ac28b615c1},
	type = {Article},
	publication_stage = {Article in press},
	source = {Scopus},
	note = {Cited by: 2; All Open Access, Hybrid Gold Open Access}
}

@ARTICLE{Arnab2024,
	author = {Arnab, Sheikh Bahauddin and Palash, Md Istakiak Adnan and Islam, Rakibul and Ovi, Hemal Hossain and Yousuf, Mohammad Abu and Uddin, Md Zia},
	title = {Analysis of Different Modality of Data to Diagnose Parkinson's Disease Using Machine Learning and Deep Learning Approaches: A Review},
	year = {2024},
	journal = {Expert Systems},
	doi = {10.1111/exsy.13790},
	url = {https://www.scopus.com/inward/record.uri?eid=2-s2.0-85209820222&doi=10.1111%2fexsy.13790&partnerID=40&md5=8efc7e85f1bb9667a51ad963e05efa35},
	type = {Article},
	publication_stage = {Article in press},
	source = {Scopus},
	note = {Cited by: 0; All Open Access}
}



@ARTICLE{Lau2024933,
	author = {Lau, Michael and Schikowski, Tamara and Schwender, Holger},
	title = {logicDT: a procedure for identifying response-associated interactions between binary predictors},
	year = {2024},
	journal = {Machine Learning},
	volume = {113},
	number = {2},
	pages = {933 – 992},
	doi = {10.1007/s10994-023-06488-6},
	url = {https://www.scopus.com/inward/record.uri?eid=2-s2.0-85180503481&doi=10.1007%2fs10994-023-06488-6&partnerID=40&md5=9d35933d5321be75d4aeabf437ada2a9},
	type = {Article},
	publication_stage = {Final},
	source = {Scopus},
	note = {Cited by: 0; All Open Access, Hybrid Gold Open Access}
}

@ARTICLE{Koshiyama2024,
	author = {Koshiyama, Adriano and Kazim, Emre and Treleaven, Philip and Rai, Pete and Szpruch, Lukasz and Pavey, Giles and Ahamat, Ghazi and Leutner, Franziska and Goebel, Randy and Knight, Andrew and Adams, Janet and Hitrova, Christina and Barnett, Jeremy and Nachev, Parashkev and Barber, David and Chamorro-Premuzic, Tomas and Klemmer, Konstantin and Gregorovic, Miro and Khan, Shakeel and Lomas, Elizabeth and Hilliard, Airlie and Chatterjee, Siddhant},
	title = {Towards algorithm auditing: managing legal, ethical and technological risks of AI, ML and associated algorithms},
	year = {2024},
	journal = {Royal Society Open Science},
	volume = {11},
	number = {5},
	doi = {10.1098/rsos.230859},
	url = {https://www.scopus.com/inward/record.uri?eid=2-s2.0-85193786237&doi=10.1098%2frsos.230859&partnerID=40&md5=b9aedcd679ac946c75eed5e3e988d252},
	type = {Article},
	publication_stage = {Final},
	source = {Scopus},
	note = {Cited by: 5; All Open Access, Gold Open Access}
}

@ARTICLE{Moreno-Sánchez2024,
	author = {Moreno-Sánchez, Pedro A. and García-Isla, Guadalupe and Corino, Valentina D.A. and Vehkaoja, Antti and Brukamp, Kirsten and van Gils, Mark and Mainardi, Luca},
	title = {ECG-based data-driven solutions for diagnosis and prognosis of cardiovascular diseases: A systematic review},
	year = {2024},
	journal = {Computers in Biology and Medicine},
	volume = {172},
	doi = {10.1016/j.compbiomed.2024.108235},
	url = {https://www.scopus.com/inward/record.uri?eid=2-s2.0-85187198306&doi=10.1016%2fj.compbiomed.2024.108235&partnerID=40&md5=585a5d7247422e8919e37a7f7e89a6a3},
	type = {Review},
	publication_stage = {Final},
	source = {Scopus},
	note = {Cited by: 4; All Open Access, Hybrid Gold Open Access}
}

@ARTICLE{Shams20245695,
	author = {Shams, Mahmoud Y. and Gamel, Samah A. and Talaat, Fatma M.},
	title = {Enhancing crop recommendation systems with explainable artificial intelligence: a study on agricultural decision-making},
	year = {2024},
	journal = {Neural Computing and Applications},
	volume = {36},
	number = {11},
	pages = {5695 – 5714},
	doi = {10.1007/s00521-023-09391-2},
	url = {https://www.scopus.com/inward/record.uri?eid=2-s2.0-85182226843&doi=10.1007%2fs00521-023-09391-2&partnerID=40&md5=7df8d0e63b358f470ca4d1276147f5f2},
	type = {Article},
	publication_stage = {Final},
	source = {Scopus},
	note = {Cited by: 19; All Open Access, Hybrid Gold Open Access}
}

@ARTICLE{Tursunalieva2024,
	author = {Tursunalieva, Ainura and Alexander, David L. J. and Dunne, Rob and Li, Jiaming and Riera, Luis and Zhao, Yanchang},
	title = {Making Sense of Machine Learning: A Review of Interpretation Techniques and Their Applications},
	year = {2024},
	journal = {Applied Sciences (Switzerland)},
	volume = {14},
	number = {2},
	doi = {10.3390/app14020496},
	url = {https://www.scopus.com/inward/record.uri?eid=2-s2.0-85192458450&doi=10.3390%2fapp14020496&partnerID=40&md5=f9cd3700525147e7f1f8f5cfdebaf579},
	type = {Review},
	publication_stage = {Final},
	source = {Scopus},
	note = {Cited by: 3; All Open Access, Gold Open Access}
}

@ARTICLE{Chen2024753,
	author = {Chen, Shengchao and Ren, Sufen and Wang, Guanjun and Huang, Mengxing and Xue, Chenyang},
	title = {Interpretable CNN-Multilevel Attention Transformer for Rapid Recognition of Pneumonia from Chest X-Ray Images},
	year = {2024},
	journal = {IEEE Journal of Biomedical and Health Informatics},
	volume = {28},
	number = {2},
	pages = {753 – 764},
	doi = {10.1109/JBHI.2023.3247949},
	url = {https://www.scopus.com/inward/record.uri?eid=2-s2.0-85149372989&doi=10.1109%2fJBHI.2023.3247949&partnerID=40&md5=d3284b7d84826b88cd093b9dbe79bd38},
	type = {Article},
	publication_stage = {Final},
	source = {Scopus},
	note = {Cited by: 11; All Open Access, Green Open Access}
}

@ARTICLE{Kabir2024,
	author = {Kabir, Sami and Hossain, Mohammad Shahadat and Andersson, Karl},
	title = {An Advanced Explainable Belief Rule-Based Framework to Predict the Energy Consumption of Buildings},
	year = {2024},
	journal = {Energies},
	volume = {17},
	number = {8},
	doi = {10.3390/en17081797},
	url = {https://www.scopus.com/inward/record.uri?eid=2-s2.0-85191378367&doi=10.3390%2fen17081797&partnerID=40&md5=a692ea58a49a567543e6f6070d216890},
	type = {Article},
	publication_stage = {Final},
	source = {Scopus},
	note = {Cited by: 2; All Open Access, Gold Open Access}
}

@ARTICLE{AbdelAziz2024,
	author = {AbdelAziz, Nabil M. and Said, Wael and AbdelHafeez, Mohamed M. and Ali, Asmaa H.},
	title = {Advanced interpretable diagnosis of Alzheimer's disease using SECNN-RF framework with explainable AI},
	year = {2024},
	journal = {Frontiers in Artificial Intelligence},
	volume = {7},
	doi = {10.3389/frai.2024.1456069},
	url = {https://www.scopus.com/inward/record.uri?eid=2-s2.0-85204011093&doi=10.3389%2ffrai.2024.1456069&partnerID=40&md5=f3c6b7aa38ab7ff61a7ea10d25bee45d},
	type = {Article},
	publication_stage = {Final},
	source = {Scopus},
	note = {Cited by: 1; All Open Access, Gold Open Access}
}

@ARTICLE{Arreche2024,
	author = {Arreche, Osvaldo and Guntur, Tanish and Abdallah, Mustafa},
	title = {XAI-IDS: Toward Proposing an Explainable Artificial Intelligence Framework for Enhancing Network Intrusion Detection Systems},
	year = {2024},
	journal = {Applied Sciences (Switzerland)},
	volume = {14},
	number = {10},
	doi = {10.3390/app14104170},
	url = {https://www.scopus.com/inward/record.uri?eid=2-s2.0-85194409107&doi=10.3390%2fapp14104170&partnerID=40&md5=dab22088453a075c0f6f273792111939},
	type = {Article},
	publication_stage = {Final},
	source = {Scopus},
	note = {Cited by: 4; All Open Access, Gold Open Access}
}

@ARTICLE{Nazat202448583,
	author = {Nazat, Sazid and Li, Lingxi and Abdallah, Mustafa},
	title = {XAI-ADS: An Explainable Artificial Intelligence Framework for Enhancing Anomaly Detection in Autonomous Driving Systems},
	year = {2024},
	journal = {IEEE Access},
	volume = {12},
	pages = {48583 – 48607},
	doi = {10.1109/ACCESS.2024.3383431},
	url = {https://www.scopus.com/inward/record.uri?eid=2-s2.0-85189646912&doi=10.1109%2fACCESS.2024.3383431&partnerID=40&md5=5f8d9f407816ccdb5e3873c8b0a721ec},
	type = {Article},
	publication_stage = {Final},
	source = {Scopus},
	note = {Cited by: 4; All Open Access, Gold Open Access}
}

@ARTICLE{Cao2024,
	author = {Cao, Jin and Zhou, Ta and Zhi, Shaohua and Lam, Saikit and Ren, Ge and Zhang, Yuanpeng and Wang, Yongqiang and Dong, Yanjing and Cai, Jing},
	title = {Fuzzy inference system with interpretable fuzzy rules: Advancing explainable artificial intelligence for disease diagnosis—A comprehensive review},
	year = {2024},
	journal = {Information Sciences},
	volume = {662},
	doi = {10.1016/j.ins.2024.120212},
	url = {https://www.scopus.com/inward/record.uri?eid=2-s2.0-85184772835&doi=10.1016%2fj.ins.2024.120212&partnerID=40&md5=d25e45ebfa944dfb6197194a9f474fce},
	type = {Article},
	publication_stage = {Final},
	source = {Scopus},
	note = {Cited by: 10; All Open Access, Hybrid Gold Open Access}
}

@ARTICLE{Mayya2024153564,
	author = {Mayya, Veena and King, Christian and Vu, Giang T. and Gurupur, Varadraj},
	title = {Empirical Study of Feature Selection Methods in Regression for Large-Scale Healthcare Data: A Case Study on Estimating Dental Expenditures},
	year = {2024},
	journal = {IEEE Access},
	volume = {12},
	pages = {153564 – 153579},
	doi = {10.1109/ACCESS.2024.3482192},
	url = {https://www.scopus.com/inward/record.uri?eid=2-s2.0-85207701768&doi=10.1109%2fACCESS.2024.3482192&partnerID=40&md5=48a1b3367367bcd6a64a7887abbf40b1},
	type = {Article},
	publication_stage = {Final},
	source = {Scopus},
	note = {Cited by: 0; All Open Access, Gold Open Access}
}

@ARTICLE{Albahri2024,
	author = {Albahri, A.S. and Hamid, Rula A. and Abdulnabi, Ahmed Raheem and Albahri, O.S. and Alamoodi, A.H. and Deveci, Muhammet and Pedrycz, Witold and Alzubaidi, Laith and Santamaría, Jose and Gu, Yuantong},
	title = {Fuzzy decision-making framework for explainable golden multi-machine learning models for real-time adversarial attack detection in Vehicular Ad-hoc Networks},
	year = {2024},
	journal = {Information Fusion},
	volume = {105},
	doi = {10.1016/j.inffus.2023.102208},
	url = {https://www.scopus.com/inward/record.uri?eid=2-s2.0-85182520876&doi=10.1016%2fj.inffus.2023.102208&partnerID=40&md5=d6f5b443d14707156ab8fe68fa9a0c9f},
	type = {Article},
	publication_stage = {Final},
	source = {Scopus},
	note = {Cited by: 16; All Open Access, Hybrid Gold Open Access}
}

@ARTICLE{Bharati20241429,
	author = {Bharati, Subrato and Mondal, M. Rubaiyat Hossain and Podder, Prajoy},
	title = {A Review on Explainable Artificial Intelligence for Healthcare: Why, How, and When?},
	year = {2024},
	journal = {IEEE Transactions on Artificial Intelligence},
	volume = {5},
	number = {4},
	pages = {1429 – 1442},
	doi = {10.1109/TAI.2023.3266418},
	url = {https://www.scopus.com/inward/record.uri?eid=2-s2.0-85153484384&doi=10.1109%2fTAI.2023.3266418&partnerID=40&md5=eb3ebca018bb23d86c200209fa141e9a},
	type = {Article},
	publication_stage = {Final},
	source = {Scopus},
	note = {Cited by: 26; All Open Access, Green Open Access}
}

@ARTICLE{Makubhai20241276,
	author = {Makubhai, Shahin Shoukat and Pathak, Ganesh R. and Chandre, Pankaj R.},
	title = {Predicting lung cancer risk using explainable artificial intelligence},
	year = {2024},
	journal = {Bulletin of Electrical Engineering and Informatics},
	volume = {13},
	number = {2},
	pages = {1276 – 1285},
	doi = {10.11591/eei.v13i2.6280},
	url = {https://www.scopus.com/inward/record.uri?eid=2-s2.0-85185922836&doi=10.11591%2feei.v13i2.6280&partnerID=40&md5=66dd9b48caa1b54d7c499319b0695c0a},
	type = {Article},
	publication_stage = {Final},
	source = {Scopus},
	note = {Cited by: 0; All Open Access, Gold Open Access}
}

@ARTICLE{Kuzevanov202467,
	author = {Kuzevanov, V.O. and Tikhomirova, D.V.},
	title = {Visualization and Classification of Human Movements Based on Skeletal Structure: A Neural Network Approach to Sport Exercise Analysis and Comparison of Methodologies},
	year = {2024},
	journal = {Scientific Visualization},
	volume = {16},
	number = {2},
	pages = {67 – 80},
	doi = {10.26583/sv.16.2.06},
	url = {https://www.scopus.com/inward/record.uri?eid=2-s2.0-85194171980&doi=10.26583%2fsv.16.2.06&partnerID=40&md5=8bc87f7fdb30ad7715e9e9064470a75c},
	type = {Article},
	publication_stage = {Final},
	source = {Scopus},
	note = {Cited by: 0; All Open Access, Gold Open Access}
}

@ARTICLE{Moosavi2024,
	author = {Moosavi, Sajad and Razavi-Far, Roozbeh and Palade, Vasile and Saif, Mehrdad},
	title = {Explainable Artificial Intelligence Approach for Diagnosing Faults in an Induction Furnace},
	year = {2024},
	journal = {Electronics (Switzerland)},
	volume = {13},
	number = {9},
	doi = {10.3390/electronics13091721},
	url = {https://www.scopus.com/inward/record.uri?eid=2-s2.0-85192981873&doi=10.3390%2felectronics13091721&partnerID=40&md5=c9dbb5cdbef997f44b195a9b24024469},
	type = {Article},
	publication_stage = {Final},
	source = {Scopus},
	note = {Cited by: 1; All Open Access, Gold Open Access}
}

@ARTICLE{Radiuk2024,
	author = {Radiuk, Pavlo and Barmak, Olexander and Manziuk, Eduard and Krak, Iurii},
	title = {Explainable Deep Learning: A Visual Analytics Approach with Transition Matrices},
	year = {2024},
	journal = {Mathematics},
	volume = {12},
	number = {7},
	doi = {10.3390/math12071024},
	url = {https://www.scopus.com/inward/record.uri?eid=2-s2.0-85190374192&doi=10.3390%2fmath12071024&partnerID=40&md5=027f5a4c3d06b5addb00dbbe418228e6},
	type = {Article},
	publication_stage = {Final},
	source = {Scopus},
	note = {Cited by: 4; All Open Access, Gold Open Access}
}

@ARTICLE{Borisov20247499,
	author = {Borisov, Vadim and Leemann, Tobias and Sebler, Kathrin and Haug, Johannes and Pawelczyk, Martin and Kasneci, Gjergji},
	title = {Deep Neural Networks and Tabular Data: A Survey},
	year = {2024},
	journal = {IEEE Transactions on Neural Networks and Learning Systems},
	volume = {35},
	number = {6},
	pages = {7499 – 7519},
	doi = {10.1109/TNNLS.2022.3229161},
	url = {https://www.scopus.com/inward/record.uri?eid=2-s2.0-85145844611&doi=10.1109%2fTNNLS.2022.3229161&partnerID=40&md5=30b7dd4dc82e78da3de10e7b4a380765},
	type = {Article},
	publication_stage = {Final},
	source = {Scopus},
	note = {Cited by: 198; All Open Access, Hybrid Gold Open Access}
}

@ARTICLE{Mumuni2024,
	author = {Mumuni, Fuseini and Mumuni, Alhassan},
	title = {Improving deep learning with prior knowledge and cognitive models: A survey on enhancing explainability, adversarial robustness and zero-shot learning},
	year = {2024},
	journal = {Cognitive Systems Research},
	volume = {84},
	doi = {10.1016/j.cogsys.2023.101188},
	url = {https://www.scopus.com/inward/record.uri?eid=2-s2.0-85183716435&doi=10.1016%2fj.cogsys.2023.101188&partnerID=40&md5=61aafc6a003c4a9da8d4eef3b24d62b0},
	type = {Article},
	publication_stage = {Final},
	source = {Scopus},
	note = {Cited by: 2; All Open Access, Green Open Access}
}

@ARTICLE{Prakash20241,
	author = {Prakash, Ashish Viswanath and Das, Saini},
	title = {(Why) Do We Trust AI?: A Case of AI-based Health Chatbots},
	year = {2024},
	journal = {Australasian Journal of Information Systems},
	volume = {28},
	pages = {1 – 43},
	doi = {10.3127/ajis.v28.4235},
	url = {https://www.scopus.com/inward/record.uri?eid=2-s2.0-85194588560&doi=10.3127%2fajis.v28.4235&partnerID=40&md5=7138a5af334b04e84c14426b3c3150ac},
	type = {Article},
	publication_stage = {Final},
	source = {Scopus},
	note = {Cited by: 0; All Open Access, Gold Open Access}
}

@ARTICLE{Sun2024,
	author = {Sun, Yawei and He, Saike and Han, Xu and Luo, Yan},
	title = {Interpretability in Sentiment Analysis: A Self-Supervised Approach to Sentiment Cue Extraction},
	year = {2024},
	journal = {Applied Sciences (Switzerland)},
	volume = {14},
	number = {7},
	doi = {10.3390/app14072737},
	url = {https://www.scopus.com/inward/record.uri?eid=2-s2.0-85192507973&doi=10.3390%2fapp14072737&partnerID=40&md5=3b182fcf53fb94f9531856c76fd06b3a},
	type = {Article},
	publication_stage = {Final},
	source = {Scopus},
	note = {Cited by: 0; All Open Access, Gold Open Access}
}

@ARTICLE{Ucar2024,
	author = {Ucar, Aysegul and Karakose, Mehmet and Kırımça, Necim},
	title = {Artificial Intelligence for Predictive Maintenance Applications: Key Components, Trustworthiness, and Future Trends},
	year = {2024},
	journal = {Applied Sciences (Switzerland)},
	volume = {14},
	number = {2},
	doi = {10.3390/app14020898},
	url = {https://www.scopus.com/inward/record.uri?eid=2-s2.0-85190466024&doi=10.3390%2fapp14020898&partnerID=40&md5=18e343605e398ac657ca22784f62e1aa},
	type = {Review},
	publication_stage = {Final},
	source = {Scopus},
	note = {Cited by: 27; All Open Access, Gold Open Access}
}

@ARTICLE{Song2024,
	author = {Song, Zhihui and Xu, Jinchen and Zhou, Xin and Ding, Xiaodong and Shan, Zheng},
	title = {Transforming two-dimensional tensor networks into quantum circuits for supervised learning},
	year = {2024},
	journal = {Machine Learning: Science and Technology},
	volume = {5},
	number = {1},
	doi = {10.1088/2632-2153/ad2fec},
	url = {https://www.scopus.com/inward/record.uri?eid=2-s2.0-85187956079&doi=10.1088%2f2632-2153%2fad2fec&partnerID=40&md5=4a78d26677967204e4b5d0e38f2f634c},
	type = {Article},
	publication_stage = {Final},
	source = {Scopus},
	note = {Cited by: 0; All Open Access, Gold Open Access}
}

@ARTICLE{Li2024,
	author = {Li, Xin and Liu, Zhenyi and Yang, Zongchi and Meng, Fan and Song, Tao},
	title = {A high-precision interpretable framework for marine dissolved oxygen concentration inversion},
	year = {2024},
	journal = {Frontiers in Marine Science},
	volume = {11},
	doi = {10.3389/fmars.2024.1396277},
	url = {https://www.scopus.com/inward/record.uri?eid=2-s2.0-85196145509&doi=10.3389%2ffmars.2024.1396277&partnerID=40&md5=2ff3bf769666d991e78fc7744d3229dc},
	type = {Article},
	publication_stage = {Final},
	source = {Scopus},
	note = {Cited by: 0; All Open Access, Gold Open Access}
}

@ARTICLE{Ahmed20241,
	author = {Ahmed, Shamim and Shamim Kaiser, M. and Hossain, Mohammad Shahadat and Andersson, Karl},
	title = {A Comparative Analysis of LIME and SHAP Interpreters with Explainable ML-Based Diabetes Predictions},
	year = {2024},
	journal = {IEEE Access},
	pages = {1–1},
	doi = {10.1109/ACCESS.2024.3422319},
	url = {https://www.scopus.com/inward/record.uri?eid=2-s2.0-85197566621&doi=10.1109%2fACCESS.2024.3422319&partnerID=40&md5=3d47995649ef3f9e73176812b85b160f},
	type = {Article},
	publication_stage = {Article in press},
	source = {Scopus},
	note = {Cited by: 4; All Open Access, Gold Open Access}
}

@ARTICLE{Mohawesh2024250,
	author = {Mohawesh, Rami and Bany Salameh, Haythem and Jararweh, Yaser and Alkhalaileh, Mohannad and Maqsood, Sumbal},
	title = {Fake review detection using transformer-based enhanced LSTM and RoBERTa},
	year = {2024},
	journal = {International Journal of Cognitive Computing in Engineering},
	volume = {5},
	pages = {250 – 258},
	doi = {10.1016/j.ijcce.2024.06.001},
	url = {https://www.scopus.com/inward/record.uri?eid=2-s2.0-85196268382&doi=10.1016%2fj.ijcce.2024.06.001&partnerID=40&md5=dd11e594d24e0823214f8d8031101e41},
	type = {Article},
	publication_stage = {Final},
	source = {Scopus},
	note = {Cited by: 1; All Open Access, Gold Open Access}
}

@ARTICLE{Zheng20242083,
	author = {Zheng, Zhiming and Lü, Jinhu and Wang, Liang and Lu, Renquan and Cui, Peng and Wang, Xin and Wei, Wei},
	title = {Cross-scale systematic learning for social big data: theory and methods; [社会大数据跨尺度系统学习理论与方法]},
	year = {2024},
	journal = {Scientia Sinica Informationis},
	volume = {54},
	number = {9},
	pages = {2083 – 2097},
	doi = {10.1360/SSI-2023-0408},
	url = {https://www.scopus.com/inward/record.uri?eid=2-s2.0-85205954051&doi=10.1360%2fSSI-2023-0408&partnerID=40&md5=14431bf5242a53c64de745edef292f44},
	type = {Article},
	publication_stage = {Final},
	source = {Scopus},
	note = {Cited by: 0; All Open Access, Hybrid Gold Open Access}
}

@ARTICLE{Shahzad2024,
	author = {Shahzad, Tariq and Saleem, Muhammad and Farooq, Muhammad Sajid and Abbas, Sagheer and Khan, Muhammad Adnan and Ouahada, Khmaies},
	title = {Developing a Transparent Diagnosis Model for Diabetic Retinopathy Using Explainable AI},
	year = {2024},
	journal = {IEEE Access},
	doi = {10.1109/ACCESS.2024.3475550},
	url = {https://www.scopus.com/inward/record.uri?eid=2-s2.0-85207110296&doi=10.1109%2fACCESS.2024.3475550&partnerID=40&md5=1b0e87ef4f3eb6dbc39919fe9288ab79},
	type = {Article},
	publication_stage = {Article in press},
	source = {Scopus},
	note = {Cited by: 0; All Open Access, Gold Open Access}
}

@ARTICLE{Gambo2024114023,
	author = {Gambo, Ishaya and Massenon, Rhodes and Lin, Chia-Chen and Ogundokun, Roseline Oluwaseun and Agarwal, Saurabh and Pak, Wooguil},
	title = {Enhancing User Trust and Interpretability in AI-Driven Feature Request Detection for Mobile App Reviews: An Explainable Approach},
	year = {2024},
	journal = {IEEE Access},
	volume = {12},
	pages = {114023 – 114045},
	doi = {10.1109/ACCESS.2024.3443527},
	url = {https://www.scopus.com/inward/record.uri?eid=2-s2.0-85201311606&doi=10.1109%2fACCESS.2024.3443527&partnerID=40&md5=67294c0efcc3fa0ad4f62a68d109d1ec},
	type = {Article},
	publication_stage = {Final},
	source = {Scopus},
	note = {Cited by: 1; All Open Access}
}

@ARTICLE{Tucci2024,
	author = {Tucci, Cesare and Della Greca, Attilio and Tortora, Genoveffa and Francese, Rita},
	title = {Explainable biometrics: a systematic literature review},
	year = {2024},
	journal = {Journal of Ambient Intelligence and Humanized Computing},
	doi = {10.1007/s12652-024-04856-1},
	url = {https://www.scopus.com/inward/record.uri?eid=2-s2.0-85204490058&doi=10.1007%2fs12652-024-04856-1&partnerID=40&md5=dfb66962437c33d7b63fa091df6ab9cb},
	type = {Article},
	publication_stage = {Article in press},
	source = {Scopus},
	note = {Cited by: 0; All Open Access, Hybrid Gold Open Access}
}

@ARTICLE{Riedmann-Streitz2024,
	author = {Riedmann-Streitz, Christine and Streitz, Norbert and Antona, Margherita and Marcus, Aaron and Margetis, George and Ntoa, Stavroula and Rau, Pei-Luen Patrick and Rosenzweig, Elizabeth},
	title = {How to Create and Foster Sustainable Smart Cities? Insights on Ethics, Trust, Privacy, Transparency, Incentives, and Success},
	year = {2024},
	journal = {International Journal of Human-Computer Interaction},
	doi = {10.1080/10447318.2024.2325175},
	url = {https://www.scopus.com/inward/record.uri?eid=2-s2.0-85189560046&doi=10.1080%2f10447318.2024.2325175&partnerID=40&md5=78de3d0a373d3060e76e2a2726045928},
	type = {Article},
	publication_stage = {Article in press},
	source = {Scopus},
	note = {Cited by: 2; All Open Access, Hybrid Gold Open Access}
}@ARTICLE{Xin20241,
	author = {Xin, Zekun and Lv, Ruhong and Liu, Wei and Wang, Shenghan and Gao, Qiang and Zhang, Bao and Sun, Guangyu},
	title = {An ensemble learning-based feature selection algorithm for identification of biomarkers of renal cell carcinoma},
	year = {2024},
	journal = {PeerJ Computer Science},
	volume = {10},
	pages = {1 – 27},
	doi = {10.7717/peerj-cs.1768},
	url = {https://www.scopus.com/inward/record.uri?eid=2-s2.0-85188419478&doi=10.7717%2fpeerj-cs.1768&partnerID=40&md5=217992b488b140eafe3cebbad1f7d954},
	type = {Article},
	publication_stage = {Final},
	source = {Scopus},
	note = {Cited by: 0; All Open Access, Gold Open Access}
}

@ARTICLE{Lu2024,
	author = {Lu, Xiechun and Li, Houpu and Xu, Yongyang and Liu, Jiangwen and Chen, Zhanlong},
	title = {Measuring the similarity between shapes of buildings using graph edit distance},
	year = {2024},
	journal = {International Journal of Digital Earth},
	volume = {17},
	number = {1},
	doi = {10.1080/17538947.2024.2310749},
	url = {https://www.scopus.com/inward/record.uri?eid=2-s2.0-85183684509&doi=10.1080%2f17538947.2024.2310749&partnerID=40&md5=d752944bb15ab6ea001b776686e98a64},
	type = {Article},
	publication_stage = {Final},
	source = {Scopus},
	note = {Cited by: 0; All Open Access, Gold Open Access}
}

@ARTICLE{Brintrup20244674,
	author = {Brintrup, Alexandra and Kosasih, Edward and Schaffer, Philipp and Zheng, Ge and Demirel, Guven and MacCarthy, Bart L.},
	title = {Digital supply chain surveillance using artificial intelligence: definitions, opportunities and risks},
	year = {2024},
	journal = {International Journal of Production Research},
	volume = {62},
	number = {13},
	pages = {4674 – 4695},
	doi = {10.1080/00207543.2023.2270719},
	url = {https://www.scopus.com/inward/record.uri?eid=2-s2.0-85176913073&doi=10.1080%2f00207543.2023.2270719&partnerID=40&md5=8434f4ccbfb00d4968290f5ad7c75e23},
	type = {Article},
	publication_stage = {Final},
	source = {Scopus},
	note = {Cited by: 11; All Open Access, Hybrid Gold Open Access}
}

@ARTICLE{Mirzaei2024,
	author = {Mirzaei, SeyedehRoksana and Mao, Hua and Al-Nima, Raid Rafi Omar and Woo, Wai Lok},
	title = {Explainable AI Evaluation: A Top-Down Approach for Selecting Optimal Explanations for Black Box Models},
	year = {2024},
	journal = {Information (Switzerland)},
	volume = {15},
	number = {1},
	doi = {10.3390/info15010004},
	url = {https://www.scopus.com/inward/record.uri?eid=2-s2.0-85183077171&doi=10.3390%2finfo15010004&partnerID=40&md5=99b1aa15494bf22983a78ba182a89a08},
	type = {Article},
	publication_stage = {Final},
	source = {Scopus},
	note = {Cited by: 4; All Open Access, Gold Open Access}
}

@ARTICLE{Giudici2024,
	author = {Giudici, Paolo and Centurelli, Mattia and Turchetta, Stefano},
	title = {Artificial Intelligence risk measurement},
	year = {2024},
	journal = {Expert Systems with Applications},
	volume = {235},
	doi = {10.1016/j.eswa.2023.121220},
	url = {https://www.scopus.com/inward/record.uri?eid=2-s2.0-85169788127&doi=10.1016%2fj.eswa.2023.121220&partnerID=40&md5=1c31aaf3b1ddcfb83c46722194c51d87},
	type = {Article},
	publication_stage = {Final},
	source = {Scopus},
	note = {Cited by: 26; All Open Access, Hybrid Gold Open Access}
}

@ARTICLE{Ghaheri20241858,
	author = {Ghaheri, Paria and Nasiri, Hamid and Shateri, Ahmadreza and Homafar, Arman},
	title = {Diagnosis of Parkinson’s disease based on voice signals using SHAP and hard voting ensemble method},
	year = {2024},
	journal = {Computer Methods in Biomechanics and Biomedical Engineering},
	volume = {27},
	number = {13},
	pages = {1858 – 1874},
	doi = {10.1080/10255842.2023.2263125},
	url = {https://www.scopus.com/inward/record.uri?eid=2-s2.0-85172710675&doi=10.1080%2f10255842.2023.2263125&partnerID=40&md5=7fc510979f82d9756f394486df5d71ec},
	type = {Article},
	publication_stage = {Final},
	source = {Scopus},
	note = {Cited by: 2; All Open Access, Green Open Access}
}

@ARTICLE{Nkoro2024,
	author = {Nkoro, Ebuka Chinaechetam and Njoku, Judith Nkechinyere and Nwakanma, Cosmas Ifeanyi and Lee, Jae-Min and Kim, Dong-Seong},
	title = {Zero-Trust Marine Cyberdefense for IoT-Based Communications: An Explainable Approach},
	year = {2024},
	journal = {Electronics (Switzerland)},
	volume = {13},
	number = {2},
	doi = {10.3390/electronics13020276},
	url = {https://www.scopus.com/inward/record.uri?eid=2-s2.0-85183400459&doi=10.3390%2felectronics13020276&partnerID=40&md5=d60ec48e38af379a8a904aef6f05e234},
	type = {Article},
	publication_stage = {Final},
	source = {Scopus},
	note = {Cited by: 5; All Open Access, Gold Open Access}
}

@ARTICLE{Kosasih20241510,
	author = {Kosasih, Edward Elson and Papadakis, Emmanuel and Baryannis, George and Brintrup, Alexandra},
	title = {A review of explainable artificial intelligence in supply chain management using neurosymbolic approaches},
	year = {2024},
	journal = {International Journal of Production Research},
	volume = {62},
	number = {4},
	pages = {1510 – 1540},
	doi = {10.1080/00207543.2023.2281663},
	url = {https://www.scopus.com/inward/record.uri?eid=2-s2.0-85177643935&doi=10.1080%2f00207543.2023.2281663&partnerID=40&md5=73d8d50d41b48d9e9b68eb4ff7b68865},
	type = {Review},
	publication_stage = {Final},
	source = {Scopus},
	note = {Cited by: 5; All Open Access, Hybrid Gold Open Access}
}

@ARTICLE{Li202411010,
	author = {Li, Zhaopeng and Bouazizi, Mondher and Ohtsuki, Tomoaki and Ishii, Masakuni and Nakahara, Eri},
	title = {Toward Building Trust in Machine Learning Models: Quantifying the Explainability by SHAP and References to Human Strategy},
	year = {2024},
	journal = {IEEE Access},
	volume = {12},
	pages = {11010 – 11023},
	doi = {10.1109/ACCESS.2023.3347796},
	url = {https://www.scopus.com/inward/record.uri?eid=2-s2.0-85181559270&doi=10.1109%2fACCESS.2023.3347796&partnerID=40&md5=c7584bcf46b869139152a54cd227030e},
	type = {Article},
	publication_stage = {Final},
	source = {Scopus},
	note = {Cited by: 0; All Open Access, Gold Open Access}
}

@ARTICLE{Zhang202410220,
	author = {Zhang, Zheng and Yilmaz, Levent and Liu, Bo},
	title = {A Critical Review of Inductive Logic Programming Techniques for Explainable AI},
	year = {2024},
	journal = {IEEE Transactions on Neural Networks and Learning Systems},
	volume = {35},
	number = {8},
	pages = {10220 – 10236},
	doi = {10.1109/TNNLS.2023.3246980},
	url = {https://www.scopus.com/inward/record.uri?eid=2-s2.0-85153399027&doi=10.1109%2fTNNLS.2023.3246980&partnerID=40&md5=8c4617a2b67fb84975eb39f51e80f7c2},
	type = {Article},
	publication_stage = {Final},
	source = {Scopus},
	note = {Cited by: 2; All Open Access, Green Open Access}
}

@ARTICLE{Xie20245129,
	author = {Xie, Laixin and Ouyang, Yang and Chen, Longfei and Wu, Ziming and Li, Quan},
	title = {Towards Better Modeling with Missing Data: A Contrastive Learning-Based Visual Analytics Perspective},
	year = {2024},
	journal = {IEEE Transactions on Visualization and Computer Graphics},
	volume = {30},
	number = {8},
	pages = {5129 – 5146},
	doi = {10.1109/TVCG.2023.3285210},
	url = {https://www.scopus.com/inward/record.uri?eid=2-s2.0-85162669492&doi=10.1109%2fTVCG.2023.3285210&partnerID=40&md5=b64c5bf4836566bf479780ed4f8a8693},
	type = {Article},
	publication_stage = {Final},
	source = {Scopus},
	note = {Cited by: 0; All Open Access, Green Open Access}
}

@ARTICLE{Bekkemoen2024355,
	author = {Bekkemoen, Yanzhe},
	title = {Explainable reinforcement learning (XRL): a systematic literature review and taxonomy},
	year = {2024},
	journal = {Machine Learning},
	volume = {113},
	number = {1},
	pages = {355 – 441},
	doi = {10.1007/s10994-023-06479-7},
	url = {https://www.scopus.com/inward/record.uri?eid=2-s2.0-85178051880&doi=10.1007%2fs10994-023-06479-7&partnerID=40&md5=8a5a3e37497d50b95590c9e028c76928},
	type = {Article},
	publication_stage = {Final},
	source = {Scopus},
	note = {Cited by: 4; All Open Access, Hybrid Gold Open Access}
}

@ARTICLE{Woodbright202437731,
	author = {Woodbright, Mitchell D. and Morshed, Ahsan and Browne, Matthew and Ray, Biplob and Moore, Steven},
	title = {Toward Transparent AI for Neurological Disorders: A Feature Extraction and Relevance Analysis Framework},
	year = {2024},
	journal = {IEEE Access},
	volume = {12},
	pages = {37731 – 37743},
	doi = {10.1109/ACCESS.2024.3375877},
	url = {https://www.scopus.com/inward/record.uri?eid=2-s2.0-85188004762&doi=10.1109%2fACCESS.2024.3375877&partnerID=40&md5=79ea04c493cca527d72e8ee049437b44},
	type = {Article},
	publication_stage = {Final},
	source = {Scopus},
	note = {Cited by: 2; All Open Access, Gold Open Access}
}

@ARTICLE{Schneider2024,
	author = {Schneider, Johannes and Meske, Christian and Vlachos, Michalis},
	title = {Deceptive XAI: Typology, Creation and Detection},
	year = {2024},
	journal = {SN Computer Science},
	volume = {5},
	number = {1},
	doi = {10.1007/s42979-023-02401-z},
	url = {https://www.scopus.com/inward/record.uri?eid=2-s2.0-85182407031&doi=10.1007%2fs42979-023-02401-z&partnerID=40&md5=8740a1f99394c088439a2f7256e09ee0},
	type = {Article},
	publication_stage = {Final},
	source = {Scopus},
	note = {Cited by: 3; All Open Access, Hybrid Gold Open Access}
}

@ARTICLE{Vilar-Dias2024,
	author = {Vilar-Dias, João L. and Junior, Adelson Santos S. and Lima-Neto, Fernando B.},
	title = {An Interpretable Digital Twin for Self-Aware Industrial Machines},
	year = {2024},
	journal = {Sensors},
	volume = {24},
	number = {1},
	doi = {10.3390/s24010004},
	url = {https://www.scopus.com/inward/record.uri?eid=2-s2.0-85181939043&doi=10.3390%2fs24010004&partnerID=40&md5=adebd65d375db9e852e18d723959ebef},
	type = {Article},
	publication_stage = {Final},
	source = {Scopus},
	note = {Cited by: 2; All Open Access, Gold Open Access, Green Open Access}
}

@ARTICLE{Hamilton20241384,
	author = {Hamilton, Robert I. and Papadopoulos, Panagiotis N.},
	title = {Using SHAP Values and Machine Learning to Understand Trends in the Transient Stability Limit},
	year = {2024},
	journal = {IEEE Transactions on Power Systems},
	volume = {39},
	number = {1},
	pages = {1384 – 1397},
	doi = {10.1109/TPWRS.2023.3248941},
	url = {https://www.scopus.com/inward/record.uri?eid=2-s2.0-85149381876&doi=10.1109%2fTPWRS.2023.3248941&partnerID=40&md5=472e0e8243f8931a9d2aac25a2f13481},
	type = {Article},
	publication_stage = {Final},
	source = {Scopus},
	note = {Cited by: 14; All Open Access, Green Open Access}
}

@ARTICLE{Rasouli202413,
	author = {Rasouli, Peyman and Chieh Yu, Ingrid},
	title = {CARE: coherent actionable recourse based on sound counterfactual explanations},
	year = {2024},
	journal = {International Journal of Data Science and Analytics},
	volume = {17},
	number = {1},
	pages = {13 – 38},
	doi = {10.1007/s41060-022-00365-6},
	url = {https://www.scopus.com/inward/record.uri?eid=2-s2.0-85139212521&doi=10.1007%2fs41060-022-00365-6&partnerID=40&md5=a88e218e91ab379866d7ea792b3da3e1},
	type = {Article},
	publication_stage = {Final},
	source = {Scopus},
	note = {Cited by: 6; All Open Access, Hybrid Gold Open Access}
}

@ARTICLE{Gaspar202430164,
	author = {Gaspar, Diogo and Silva, Paulo and Silva, Catarina},
	title = {Explainable AI for Intrusion Detection Systems: LIME and SHAP Applicability on Multi-Layer Perceptron},
	year = {2024},
	journal = {IEEE Access},
	volume = {12},
	pages = {30164 – 30175},
	doi = {10.1109/ACCESS.2024.3368377},
	url = {https://www.scopus.com/inward/record.uri?eid=2-s2.0-85186107633&doi=10.1109%2fACCESS.2024.3368377&partnerID=40&md5=54c035af115ca42fcba971d6ac5a9ba0},
	type = {Article},
	publication_stage = {Final},
	source = {Scopus},
	note = {Cited by: 8; All Open Access}
}

@ARTICLE{Raji202423595,
	author = {Raji, N.R. and Kumar, R. Mathusoothana S. and Biji, C.L.},
	title = {Explainable Machine Learning Prediction for the Academic Performance of Deaf Scholars},
	year = {2024},
	journal = {IEEE Access},
	volume = {12},
	pages = {23595 – 23612},
	doi = {10.1109/ACCESS.2024.3363634},
	url = {https://www.scopus.com/inward/record.uri?eid=2-s2.0-85184809702&doi=10.1109%2fACCESS.2024.3363634&partnerID=40&md5=9ea4d201db2c0f31259f9f12e2537ae4},
	type = {Article},
	publication_stage = {Final},
	source = {Scopus},
	note = {Cited by: 1; All Open Access, Gold Open Access}
}

@ARTICLE{Hassija202445,
	author = {Hassija, Vikas and Chamola, Vinay and Mahapatra, Atmesh and Singal, Abhinandan and Goel, Divyansh and Huang, Kaizhu and Scardapane, Simone and Spinelli, Indro and Mahmud, Mufti and Hussain, Amir},
	title = {Interpreting Black-Box Models: A Review on Explainable Artificial Intelligence},
	year = {2024},
	journal = {Cognitive Computation},
	volume = {16},
	number = {1},
	pages = {45 – 74},
	doi = {10.1007/s12559-023-10179-8},
	url = {https://www.scopus.com/inward/record.uri?eid=2-s2.0-85168561911&doi=10.1007%2fs12559-023-10179-8&partnerID=40&md5=0ad355fd7f25ee43083c6b32831c5209},
	type = {Review},
	publication_stage = {Final},
	source = {Scopus},
	note = {Cited by: 157; All Open Access, Hybrid Gold Open Access}
}

@ARTICLE{Hashmi202444462,
	author = {Hashmi, Ehtesham and Yayilgan, Sule Yildirim and Yamin, Muhammad Mudassar and Ali, Subhan and Abomhara, Mohamed},
	title = {Advancing Fake News Detection: Hybrid Deep Learning With FastText and Explainable AI},
	year = {2024},
	journal = {IEEE Access},
	volume = {12},
	pages = {44462 – 44480},
	doi = {10.1109/ACCESS.2024.3381038},
	url = {https://www.scopus.com/inward/record.uri?eid=2-s2.0-85189176685&doi=10.1109%2fACCESS.2024.3381038&partnerID=40&md5=c9b4eaf0cab966cccdeff8a99d477b12},
	type = {Article},
	publication_stage = {Final},
	source = {Scopus},
	note = {Cited by: 16; All Open Access, Gold Open Access}
}

@ARTICLE{Charizanos2024,
	author = {Charizanos, Georgios and Demirhan, Haydar and İçen, Duygu},
	title = {A Monte Carlo fuzzy logistic regression framework against imbalance and separation},
	year = {2024},
	journal = {Information Sciences},
	volume = {655},
	doi = {10.1016/j.ins.2023.119893},
	url = {https://www.scopus.com/inward/record.uri?eid=2-s2.0-85177223117&doi=10.1016%2fj.ins.2023.119893&partnerID=40&md5=703c2fb366cb4c3e8a0900250c38b8eb},
	type = {Article},
	publication_stage = {Final},
	source = {Scopus},
	note = {Cited by: 5; All Open Access, Hybrid Gold Open Access}
}